@article{ajzen1977intuitive,
  title={Intuitive theories of events and the effects of base-rate information on prediction.},
  author={Ajzen, Icek},
  journal={Journal of Personality and Social Psychology},
  volume={35},
  number={5},
  pages={303},
  year={1977},
  publisher={American Psychological Association}
}
@article{bar1980base,
  title={The base-rate fallacy in probability judgments},
  author={Bar-Hillel, Maya},
  journal={Acta Psychologica},
  volume={44},
  number={3},
  pages={211--233},
  year={1980},
  publisher={Elsevier}
}

@techreport{benjamin18,
  title={Errors in probabilistic reasoning and judgment biases},
  author={Benjamin, Daniel J},
  year={2018},
  institution={National Bureau of Economic Research}
}

@article{beach1970sample,
  title={Sample proportions and subjective probability revisions},
  author={Beach, Lee Roy and Wise, James A and Barclay, Scott},
  journal={Organizational Behavior and Human Performance},
  volume={5},
  number={2},
  pages={183--190},
  year={1970},
  publisher={Elsevier}
}

@article{sasaki2007belief,
  title={Belief updating in individual and social learning: A field experiment on the internet},
  author={Sasaki, Shunichiro and Kawagoe, Toshiji},
  year={2007},
  publisher={ISER Discussion Paper}
}

@article{grinnell1971bayesian,
  title={Bayesian predictions of faculty judgments of graduate school success},
  author={Grinnell, Merilyn and Keeley, Stuart M and Doherty, Michael E},
  journal={Organizational Behavior and Human Performance},
  volume={6},
  number={3},
  pages={379--387},
  year={1971},
  publisher={Elsevier}
}

@article{ruiz2019contrast,
  title={A Contrastive Divergence for Combining Variational Inference and MCMC},
  author={Ruiz, Francisco J R and Titsia, Michalis K},
  journal={arXiv preprint arXiv:1905.04062},
  year={2019}
}
@article{li2017approximate,
  title={Approximate inference with amortised mcmc},
  author={Li, Yingzhen and Turner, Richard E and Liu, Qiang},
  journal={arXiv preprint arXiv:1702.08343},
  year={2017}
}

@article{naesseth2017variational,
  title={Variational sequential monte carlo},
  author={Naesseth, Christian A and Linderman, Scott W and Ranganath, Rajesh and Blei, David M},
  journal={arXiv preprint arXiv:1705.11140},
  year={2017}
}

@article{wheeler1968subjective,
  title={Subjective sampling distributions and conservatism},
  author={Wheeler, Gloria and Beach, Lee Roy},
  journal={Organizational Behavior and Human Performance},
  volume={3},
  number={1},
  pages={36--46},
  year={1968},
  publisher={Elsevier}
}

@inproceedings{gershman2014amortized,
  title={Amortized inference in probabilistic reasoning},
  author={Gershman, Samuel J and Goodman, Noah},
	Booktitle = {{Proceedings of the 36th Annual Conference of the Cognitive Science Society}},
	Editor = {P. Bello and M. Guarini and M. McShane and B. Scassellati},
	Pages = {517--522},
	Publisher = {Cognitive Science Society},
	Year = {2014}
	}


@book{csiszar2011information,
  title={Information theory: Coding theorems for discrete memoryless systems},
  author={Csiszar, Imre and K{\"o}rner, J{\'a}nos},
  year={2011},
  publisher={Cambridge University Press}
}

@article{dougherty1999minerva,
  title={{MINERVA-DM: A Memory Processes Model for Judgments of Likelihood}},
  author={Dougherty, Michael RP and Gettys, Charles F and Ogden, Eve E},
  journal={Psychological Review},
  volume={106},
  pages={180--209},
  year={1999},
  publisher={Psychological Review}
}

@article{andrieu2003introduction,
  title={{An introduction to MCMC for machine learning}},
  author={Andrieu, Christophe and De Freitas, Nando and Doucet, Arnaud and Jordan, Michael I},
  journal={Machine Learning},
  volume={50},
  number={1-2},
  pages={5--43},
  year={2003},
  publisher={Springer}
}

@article{saeedi2017variational,
  title={Variational particle approximations},
  author={Saeedi, Ardavan and Kulkarni, Tejas D and Mansinghka, Vikash K and Gershman, Samuel J},
  journal={The Journal of Machine Learning Research},
  volume={18},
  pages={2328--2356},
  year={2017},
  publisher={JMLR. org}
}

@book{bellman2015adaptive,
  title={{Adaptive control processes: A guided tour}},
  author={Bellman, Richard E},
  volume={2045},
  year={2015},
  publisher={Princeton University Press}
}

@article{ofir1988pseudodiagnosticity,
  title={Pseudodiagnosticity in judgment under uncertainty},
  author={Ofir, Chezy},
  journal={Organizational Behavior and Human Decision Processes},
  volume={42},
  pages={343--363},
  year={1988},
  publisher={Elsevier}
}

@bookchapter{gershman2017complex,
  title={Complex Probabilistic Inference},
  author={Gershman, Samuel J and Beck, Jeffrey M},
  booktitle={Computational Models of Brain and Behavior},
  year={2017},
  editor={A. Moustafa},
  publisher={John Wiley \& Sons}
}

@article{gronau2017tutorial,
  title={A tutorial on bridge sampling},
  author={Gronau, Quentin F and Sarafoglou, Alexandra and Matzke, Dora and Ly, Alexander and Boehm, Udo and Marsman, Maarten and Leslie, David S and Forster, Jonathan J and Wagenmakers, Eric-Jan and Steingroever, Helen},
  journal={Journal of Mathematical Psychology},
  volume={81},
  pages={80--97},
  year={2017},
  publisher={Elsevier}
}


@book{mercier2017enigma,
  title={The enigma of reason},
  author={Mercier, Hugo and Sperber, Dan},
  year={2017},
  publisher={Harvard University Press}
}


@inproceedings{belousov2016catching,
  title={Catching heuristics are optimal control policies},
  author={Belousov, Boris and Neumann, Gerhard and Rothkopf, Constantin A and Peters, Jan R},
  booktitle={{Advances in Neural Information Processing Systems}},
  pages={1426--1434},
  year={2016}
}

@article{shiffrin1997model,
  title={A model for recognition memory: {REM}—retrieving effectively from memory},
  author={Shiffrin, Richard M and Steyvers, Mark},
  journal={Psychonomic Bulletin \& Review},
  volume={4},
  pages={145--166},
  year={1997},
  publisher={Springer}
}

@article{mcclelland1998familiarity,
  title={Familiarity Breeds Differentiation: A Subjective-likelihood Approach to the Effects of Experience in Recognition Memory},
  author={Mcclelland, James L and Chappell, Mark},
  journal={Psychological Review},
  volume={105},
  pages={724--760},
  year={1998},
  publisher={Psychological Review}
}

@article{gershman2019does,
  title={What does the free energy principle tell us about the brain?},
  author={Gershman, Samuel J},
  journal={arXiv preprint arXiv:1901.07945},
  year={2019}
}


@article{gennaioli2010comes,
  title={What comes to mind},
  author={Gennaioli, Nicola and Shleifer, Andrei},
  journal={The Quarterly Journal of Economics},
  volume={125},
  pages={1399--1433},
  year={2010},
  publisher={MIT Press}
}

@article{barberis1998model,
  title={A model of investor sentiment},
  author={Barberis, Nicholas and Shleifer, Andrei and Vishny, Robert},
  journal={Journal of Financial Economics},
  volume={49},
  pages={307--343},
  year={1998},
  publisher={Elsevier}
}


@article{barberis2003survey,
  title={A survey of behavioral finance},
  author={Barberis, Nicholas and Thaler, Richard},
  journal={Handbook of the Economics of Finance},
  volume={1},
  pages={1053--1128},
  year={2003},
  publisher={Elsevier}
}

@article{barbey2007base,
  title={Base-rate respect: From ecological rationality to dual processes},
  author={Barbey, Aron K and Sloman, Steven A},
  journal={Behavioral and Brain Sciences},
  volume={30},
  number={3},
  pages={241--254},
  year={2007},
  publisher={Cambridge University Press}
}

@thesis{beal2003variational,
  title={{Variational algorithms for approximate Bayesian inference}},
  author={Beal, M J},
  journal={Ph. D thesis, University College London},
  year={2003}
}

@article{beach1978contingency,
  title={A contingency model for the selection of decision strategies},
  author={Beach, Lee Roy and Mitchell, Terence R},
  journal={Academy of Management Review},
  volume={3},
  pages={439--449},
  year={1978},
  publisher={Academy of Management Briarcliff Manor, NY 10510}
}

@article{birnbaum1983base,
  title={{Base rates in Bayesian inference: Signal detection analysis of the cab problem}},
  author={Birnbaum, Michael H},
  journal={The American Journal of Psychology},
  pages={85--94},
  year={1983},
  publisher={JSTOR}
}

@article{birnbaum1983bayesian,
  title={Bayesian inference: Combining base rates with opinions of sources who vary in credibility.},
  author={Birnbaum, Michael H and Mellers, Barbara A},
  journal={Journal of Personality and Social Psychology},
  volume={45},
  number={4},
  pages={792},
  year={1983},
  publisher={American Psychological Association}
}

@article{orhan2017efficient,
  title={Efficient probabilistic inference in generic neural networks trained with non-probabilistic feedback},
  author={Orhan, A Emin and Ma, Wei Ji},
  journal={Nature Communications},
  volume={8},
  number={1},
  pages={138},
  year={2017},
  publisher={Nature Publishing Group}
}

@article{evans1983conflict,
  title={On the conflict between logic and belief in syllogistic reasoning},
  author={Evans, J St BT and Barston, Julie L and Pollard, Paul},
  journal={Memory \& Cognition},
  volume={11},
  number={3},
  pages={295--306},
  year={1983},
  publisher={Springer}
}


@article{cohen2017beliefs,
  title={{Beliefs and Bayesian reasoning}},
  author={Cohen, Andrew L and Sidlowski, Sara and Staub, Adrian},
  journal={Psychonomic Bulletin \& Review},
  volume={24},
  number={3},
  pages={972--978},
  year={2017},
  publisher={Springer}
}

@article{cremer2018inference,
  title={Inference suboptimality in variational autoencoders},
  author={Cremer, Chris and Li, Xuechen and Duvenaud, David},
  journal={arXiv preprint arXiv:1801.03558},
  year={2018}
}

@article{dayan1995helmholtz,
  title={{The Helmholtz machine}},
  author={Dayan, Peter and Hinton, Geoffrey E and Neal, Radford M and Zemel, Richard S},
  journal={Neural Computation},
  volume={7},
  pages={889--904},
  year={1995},
  publisher={MIT Press}
}

@article{dasgupta2019theory,
  title={A theory of learning to infer},
  author={Dasgupta, Ishita and Schulz, Eric and Tenenbaum, Joshua B and Gershman, Samuel J},
  journal={BioRxiv},
  pages={644534},
  year={2019},
  publisher={Cold Spring Harbor Laboratory}
}

@article{ducharme1968intuitive,
  title={Intuitive inference about normally distributed populations},
  author={DuCharme, Wesley M and Peterson, Cameron R},
  journal={Journal of Experimental Psychology},
  volume={78},
  pages={269--275},
  year={1968},
  publisher={American Psychological Association}
}

@article{ducharme1970response,
  title={Response bias explanation of conservative human inference},
  author={DuCharme, Wesley M},
  journal={Journal of Experimental Psychology},
  volume={85},
  pages={66--74},
  year={1970},
  publisher={American Psychological Association}
}


@article{edwards1968conservatism,
  title={Conservatism in human information processing},
  author={Edwards, Ward},
  journal={Formal Representation of Human Judgment},
  volume={17},
  pages={51},
  year={1968}
}

@article{erev1994simultaneous,
  title={Simultaneous over-and underconfidence: The role of error in judgment processes},
  author={Erev, Ido and Wallsten, Thomas S and Budescu, David V},
  journal={Psychological Review},
  volume={101},
  number={3},
  pages={519},
  year={1994},
  publisher={American Psychological Association}
}

@article{blei2003latent,
  title={Latent dirichlet allocation},
  author={Blei, David M and Ng, Andrew Y and Jordan, Michael I},
  journal={Journal of machine Learning research},
  volume={3},
  number={Jan},
  pages={993--1022},
  year={2003}
}

@article{evans2002background,
  title={Background beliefs in Bayesian inference},
  author={Evans, Jonathan St BT and Handley, Simon J and Over, David E and Perham, Nicholas},
  journal={{Memory \& Cognition}},
  volume={30},
  number={2},
  pages={179--190},
  year={2002},
  publisher={Springer}
}

@article{dasgupta2018remembrance,
  title={Remembrance of inferences past: Amortization in human hypothesis generation},
  author={Dasgupta, Ishita and Schulz, Eric and Goodman, Noah D and Gershman, Samuel J},
  journal={Cognition},
  volume={178},
  pages={67--81},
  year={2018},
  publisher={Elsevier}
}

@article{dasgupta2017hypotheses,
  title={Where do hypotheses come from?},
  author={Dasgupta, Ishita and Schulz, Eric and Gershman, Samuel J},
  journal={Cognitive Psychology},
  volume={96},
  pages={1--25},
  year={2017},
  publisher={Elsevier}
}

@article{erev05,
  title={On adaptation, maximization, and reinforcement learning among cognitive strategies},
  author={Erev, I and Barron, G},
  journal={Psychological Review},
  volume={112},
  pages={912--931},
  year={2005}
}

@article{fischhoff1979subjective,
  title={Subjective sensitivity analysis},
  author={Fischhoff, Baruch and Slovic, Paul and Lichtenstein, Sarah},
  journal={Organizational behavior and human performance},
  volume={23},
  number={3},
  pages={339--359},
  year={1979},
  publisher={Elsevier}
}

@article{fischhoff1983hypothesis,
  title={Hypothesis evaluation from a {B}ayesian perspective},
  author={Fischhoff, Baruch and Beyth-Marom, Ruth},
  journal={Psychological Review},
  volume={90},
  pages={239--260},
  year={1983},
  publisher={American Psychological Association}
}

@article{gershman2017blessing,
  title={On the blessing of abstraction},
  author={Gershman, Samuel J},
  journal={The Quarterly Journal of Experimental Psychology},
  volume={70},
  number={3},
  pages={361--365},
  year={2017},
  publisher={Taylor \& Francis}
}


@article{gigerenzer1995improve,
  title={How to improve Bayesian reasoning without instruction: Frequency formats.},
  author={Gigerenzer, Gerd and Hoffrage, Ulrich},
  journal={Psychological review},
  volume={102},
  number={4},
  pages={684},
  year={1995},
  publisher={American Psychological Association}
}

@article{gigerenzer1996reasoning,
  title={Reasoning the fast and frugal way: Models of bounded rationality},
  author={Gigerenzer, Gerd and Goldstein, Daniel G},
  journal={{Psychological Review}},
  volume={103},
  pages={650--669},
  year={1996},
  publisher={American Psychological Association}
}

@article{lieder2018overrepresentation,
  title={Overrepresentation of extreme events in decision making reflects rational use of cognitive resources.},
  author={Lieder, Falk and Griffiths, Thomas L and Hsu, Ming},
  journal={Psychological review},
  volume={125},
  number={1},
  pages={1},
  year={2018},
  publisher={American Psychological Association}
}

@article{gigerenzer2011heuristic,
  title={Heuristic decision making},
  author={Gigerenzer, Gerd and Gaissmaier, Wolfgang},
  journal={Annual review of psychology},
  volume={62},
  pages={451--482},
  year={2011},
  publisher={Annual Reviews}
}


@article{reyna2006physician,
  title={Physician decision making and cardiac risk: effects of knowledge, risk perception, risk tolerance, and fuzzy processing.},
  author={Reyna, Valerie F and Lloyd, Farrell J},
  journal={Journal of Experimental Psychology: Applied},
  volume={12},
  number={3},
  pages={179},
  year={2006},
  publisher={American Psychological Association}
}



@article{dhami2001bailing,
  title={Bailing and jailing the fast and frugal way},
  author={Dhami, Mandeep K and Ayton, Peter},
  journal={Journal of behavioral decision making},
  volume={14},
  number={2},
  pages={141--168},
  year={2001},
  publisher={Wiley Online Library}
}

@inproceedings{rasmussen2003baysian,
  title={{Bayesian Monte Carlo}},
  author={Rasmussen, CE and Ghahramani, Z},
  booktitle={Advances in Neural Information Processing Systems 15},
  pages={505--512},
  year={2003},
  organization={MIT Press}
}

@article{hennig2015probabilistic,
  title={Probabilistic numerics and uncertainty in computations},
  author={Hennig, Philipp and Osborne, Michael A and Girolami, Mark},
  journal={Proceedings of the Royal Society A: Mathematical, Physical and Engineering Sciences},
  volume={471},
  number={2179},
  pages={20150142},
  year={2015},
  publisher={The Royal Society Publishing}
}

@article{hilbert12,
  title={Toward a Synthesis of Cognitive Biases: how noisy information processing can bias human decision making},
  author={Hilbert, Martin},
  journal={Psychological Bulletin},
  volume={138},
  number={2},
  pages={211--237},
  year={2012}
}

@article{lake2017building,
  title={Building machines that learn and think like people},
  author={Lake, Brenden M and Ullman, Tomer D and Tenenbaum, Joshua B and Gershman, Samuel J},
  journal={Behavioral and Brain Sciences},
  volume={40},
  year={2017},
  publisher={Cambridge University Press}
}

@article{thomas2014memory,
  title={Memory constraints on hypothesis generation and decision making},
  author={Thomas, Rick P and Dougherty, Michael R and Buttaccio, Daniel R},
  journal={Current Directions in Psychological Science},
  volume={23},
  number={4},
  pages={264--270},
  year={2014},
  publisher={Sage Publications Sage CA: Los Angeles, CA}
}

@techreport{bordalo2017memory,
  title={Memory, attention, and choice},
  author={Bordalo, Pedro and Gennaioli, Nicola and Shleifer, Andrei},
  year={2017},
  institution={National Bureau of Economic Research}
}

@article{thomas2008diagnostic,
  title={Diagnostic Hypothesis Generation and Human Judgment},
  author={Thomas, Rick P and Dougherty, Michael R and Sprenger, Amber M and Harbison, J Isaiah},
  journal={Psychological Review},
  volume={115},
  number={1},
  pages={155--185},
  year={2008},
  publisher={Psychological Review}
}

@book{oaksford2007bayesian,
  title={Bayesian rationality: The probabilistic approach to human reasoning},
  author={Oaksford, Mike and Chater, Nick},
  year={2007},
  publisher={Oxford University Press}
}

@article{gigerenzer1998surrogates,
  title={Surrogates for theories},
  author={Gigerenzer, Gerd},
  journal={Theory \& Psychology},
  volume={8},
  number={2},
  pages={195--204},
  year={1998},
  publisher={Sage Publications Sage CA: Thousand Oaks, CA}
}

@article{gigerenzer1996narrow,
  title={{On narrow norms and vague heuristics: A reply to Kahneman and Tversky}},
  author={Gigerenzer, Gerd},
  journal={{Psychological Review}},
  volume={103},
  pages={592--596},
  year={1996},
  publisher={American Psychological Association}
}

@article{laquitaine2018switching,
  title={A Switching Observer for Human Perceptual Estimation},
  author={Laquitaine, Steeve and Gardner, Justin L},
  journal={Neuron},
  volume={97},
  number={2},
  pages={462--474},
  year={2018},
  publisher={Elsevier}
}


@inproceedings{todd2002testing,
  title={Testing the ecological rationality of base rate neglect},
  author={Todd, Peter M and Goodie, Adam S},
  booktitle={{From Animals to Animats 7: Proceedings of the Seventh International Conference on Simulation of Adaptive Behavior}},
  pages={215--223},
  year={2002},
  organization={From animals to animats (MIT Press/Bradford Books, 2002)}
}

@article{brandstatter2006priority,
  title={The priority heuristic: Making choices without trade-offs.},
  author={Brandst{\"a}tter, Eduard and Gigerenzer, Gerd and Hertwig, Ralph},
  journal={{Psychological Review}},
  volume={113},
  number={2},
  pages={409},
  year={2006},
  publisher={American Psychological Association}
}

@article{bhatia2017associative,
  title={Associative judgment and vector space semantics.},
  author={Bhatia, Sudeep},
  journal={{Psychological Review}},
  volume={124},
  number={1},
  pages={1},
  year={2017},
  publisher={American Psychological Association}
}


@article{shanks1991connectionist,
  title={A connectionist account of base-rate biases in categorization},
  author={Shanks, David R},
  journal={Connection Science},
  volume={3},
  number={2},
  pages={143--162},
  year={1991},
  publisher={Taylor \& Francis}
}

@article{shi2010exemplar,
  title={Exemplar models as a mechanism for performing Bayesian inference},
  author={Shi, Lei and Griffiths, Thomas L and Feldman, Naomi H and Sanborn, Adam N},
  journal={Psychonomic bulletin \& review},
  volume={17},
  number={4},
  pages={443--464},
  year={2010},
  publisher={Springer}
}


@article{gluck1988conditioning,
  title={From conditioning to category learning: An adaptive network model.},
  author={Gluck, Mark A and Bower, Gordon H},
  journal={Journal of Experimental Psychology: General},
  volume={117},
  number={3},
  pages={227},
  year={1988},
  publisher={American Psychological Association}
}


@article{schulz2017compositional,
  title={Compositional inductive biases in function learning},
  author={Schulz, Eric and Tenenbaum, Joshua B and Duvenaud, David and Speekenbrink, Maarten and Gershman, Samuel J},
  journal={Cognitive Psychology},
  volume={99},
  pages={44--79},
  year={2017},
  publisher={Elsevier}
}


@article{gigerenzer2010personal,
  title={Personal reflections on theory and psychology},
  author={Gigerenzer, Gerd},
  journal={Theory \& Psychology},
  volume={20},
  number={6},
  pages={733--743},
  year={2010},
  publisher={Sage Publications Sage UK: London, England}
}


@inproceedings{dasgupta2017amortized,
  title={Amortized hypothesis generation},
  author={Dasgupta, Ishita and Schulz, Eric and Goodman, Noah and Gershman, Samuel},
editor = {Gunzelmann, Glenn and Howes, Andrew and Tenbrink, Thora and Davelaar, Eddy J.},
  booktitle = {{Proceedings of the 39th Annual Meeting of the Cognitive Science Society}},
  shorttitle = {{CogSci}},
  publisher = {{Cognitive Science Society}},
  address = {{Austin, TX}},
  pages = {1890--1895},
  year = {2017},
  keywords = {published}
}

@book{gelfand2000calculus,
  title={Calculus of variations},
  author={Gelfand, Izrail Moiseevitch and Silverman, Richard A and others},
  year={2000},
  publisher={Courier Corporation}
}



@article{samuels2012ending,
  title={Ending the rationality wars},
  author={Samuels, Richard and Stich, Stephen and Bishop, Michael},
  journal={Collected Papers, Volume 2: Knowledge, Rationality, and Morality, 1978-2010},
  volume={2},
  pages={191},
  year={2012},
  publisher={Oxford University Press}
}


@article{mellers2001frequency,
  title={{Do frequency representations eliminate conjunction effects? An exercise in adversarial collaboration}},
  author={Mellers, Barbara and Hertwig, Ralph and Kahneman, Daniel},
  journal={Psychological Science},
  volume={12},
  number={4},
  pages={269--275},
  year={2001},
  publisher={SAGE Publications Sage CA: Los Angeles, CA}
}


@inproceedings{mnih2014neural,
  title={Neural Variational Inference and Learning in Belief Networks},
  author={Mnih, Andriy and Gregor, Karol},
  booktitle={{International Conference on Machine Learning}},
  pages={1791--1799},
  year={2014}
}


@inproceedings{schulz2016simple,
  title={{Simple Trees in Complex Forests: Growing Take The Best by Approximate Bayesian Computation}},
  author={Schulz, Eric and Speekenbrink, Maarten and Meder, Bj{\"o}rn},
  booktitle = {{Proceedings of the 38th Annual Conference of the Cognitive Science Society}},
  editor = {Papafragou, A. and Grodner, D. and Mirman, D. and Trueswell, J.C.},
  shorttitle = {{CogSci}},
  publisher = {{Cognitive Science Society}},
  address = {{Austin, TX}},
  pages = {2531–2536},
  year = {2016},
  keywords = {published}
}

@article{gigerenzer1988presentation,
  title={Presentation and content: The use of base rates as a continuous variable},
  author={Gigerenzer, Gerd and Hell, Wolfgang and Blank, Hartmut},
  journal={Journal of Experimental Psychology: Human Perception and Performance},
  volume={14},
  number={3},
  pages={513--525},
  year={1988},
  publisher={American Psychological Association}
}

@article{gigerenzer2008heuristics,
  title={Why heuristics work},
  author={Gigerenzer, Gerd},
  journal={Perspectives on Psychological Science},
  volume={3},
  number={1},
  pages={20--29},
  year={2008},
  publisher={SAGE Publications Sage CA: Los Angeles, CA}
}


@article{gigerenzer2009homo,
  title={Homo heuristicus: Why biased minds make better inferences},
  author={Gigerenzer, Gerd and Brighton, Henry},
  journal={Topics in Cognitive Science},
  volume={1},
  number={1},
  pages={107--143},
  year={2009},
  publisher={Wiley Online Library}
}

@article{ginossar1987problem,
  title={Problem solving in judgment under uncertainty},
  author={Ginossar, Zvi and Trope, Yaacov},
  journal={Journal of Personality and social Psychology},
  volume={52},
  number={3},
  pages={464--},
  year={1987},
  publisher={American Psychological Association}
}

@article{grether1980bayes,
  title={Bayes rule as a descriptive model: The representativeness heuristic},
  author={Grether, David M},
  journal={The Quarterly Journal of Economics},
  volume={95},
  number={3},
  pages={537--557},
  year={1980},
  publisher={MIT Press}
}

@article{todd2007environments,
  title={Environments that make us smart: Ecological rationality},
  author={Todd, Peter M and Gigerenzer, Gerd},
  journal={Current Directions in Psychological Science},
  volume={16},
  number={3},
  pages={167--171},
  year={2007},
  publisher={SAGE Publications Sage CA: Los Angeles, CA}
}


@article{brunswik1955representative,
  title={Representative design and probabilistic theory in a functional psychology.},
  author={Brunswik, Egon},
  journal={{Psychological Review}},
  volume={62},
  number={3},
  pages={193},
  year={1955},
  publisher={American Psychological Association}
}


@article{simon1955behavioral,
  title={A behavioral model of rational choice},
  author={Simon, Herbert A},
  journal={The Quarterly Journal of Economics},
  volume={69},
  number={1},
  pages={99--118},
  year={1955},
  publisher={MIT Press}
}


@article{hertwig2009description,
  title={The description--experience gap in risky choice},
  author={Hertwig, Ralph and Erev, Ido},
  journal={Trends in Cognitive Sciences},
  volume={13},
  number={12},
  pages={517--523},
  year={2009},
  publisher={Elsevier}
}

@book{knill1996perception,
  title={Perception as {B}ayesian inference},
  author={Knill, David C and Richards, Whitman},
  year={1996},
  publisher={Cambridge University Press}
}

@article{kording2006bayesian,
  title={Bayesian decision theory in sensorimotor control},
  author={K{\"o}rding, Konrad P and Wolpert, Daniel M},
  journal={Trends in Cognitive Sciences},
  volume={10},
  number={7},
  pages={319--326},
  year={2006},
  publisher={Elsevier}
}

@article{shanteau1972descriptive,
  title={Descriptive versus normative models of sequential inference judgment},
  author={Shanteau, James},
  journal={Journal of Experimental Psychology},
  volume={93},
  pages={63--68},
  year={1972}
}

@article{griffiths2006optimal,
  title={Optimal predictions in everyday cognition},
  author={Griffiths, Thomas L and Tenenbaum, Joshua B},
  journal={Psychological Science},
  volume={17},
  number={9},
  pages={767--773},
  year={2006},
  publisher={SAGE Publications Sage CA: Los Angeles, CA}
}

@article{griffiths15,
  title={Revealing ontological commitments by magic},
  author={Griffiths, Thomas L},
  journal={Cognition},
  volume={136},
  pages={43--48},
  year={2015},
  publisher={Elsevier}
}

@article{gershman2012multistability,
  title={Multistability and perceptual inference},
  author={Gershman, Samuel J and Vul, Edward and Tenenbaum, Joshua B},
  journal={Neural Computation},
  volume={24},
  pages={1--24},
  year={2012},
  publisher={MIT Press}
}

@article{vul2014one,
  title={One and done? Optimal decisions from very few samples},
  author={Vul, Edward and Goodman, Noah and Griffiths, Thomas L and Tenenbaum, Joshua B},
  journal={Cognitive Science},
  volume={38},
  pages={599--637},
  year={2014},
  publisher={Wiley Online Library}
}

@article{griffiths2012bridging,
  title={Bridging levels of analysis for probabilistic models of cognition},
  author={Griffiths, Thomas L and Vul, Edward and Sanborn, Adam N},
  journal={Current Directions in Psychological Science},
  volume={21},
  pages={263--268},
  year={2012},
}

@article{kahneman1973psychology,
  title={On the psychology of prediction},
  author={Kahneman, Daniel and Tversky, Amos},
  journal={Psychological Review},
  volume={80},
  pages={237--251},
  year={1973},
  publisher={American Psychological Association}
}

@article{kahneman1972subjective,
  title={Subjective probability: A judgment of representativeness},
  author={Kahneman, Daniel and Tversky, Amos},
  journal={Cognitive Psychology},
  volume={3},
  pages={430--454},
  year={1972},
  publisher={Elsevier}
}

@article{hertwig2018experience,
  title={Experience and description: Exploring two paths to knowledge},
  author={Hertwig, Ralph and Hogarth, Robin M and Lejarraga, Tom{\'a}s},
  journal={Current Directions in Psychological Science},
  volume={27},
  number={2},
  pages={123--128},
  year={2018},
  publisher={SAGE Publications Sage CA: Los Angeles, CA}
}


@inproceedings{bramley2018grounding,
  title={Grounding compositional hypothesis generation in specific instances},
  author={Bramley, N and Rothe, Anselm and Tenenbaum, J and Xu, Fei and Gureckis, T},
  booktitle={Proceedings of the 40th Annual Conference of the Cognitive Science Society},
  year={2018}
}


@article{rule2018learning,
  title={Learning list concepts through program induction},
  author={Rule, Joshua and Schulz, Eric and Piantadosi, Steven T and Tenenbaum, Joshua B},
  journal={BioRxiv},
  pages={321505},
  year={2018},
  publisher={Cold Spring Harbor Laboratory}
}


@inproceedings{alon2017graph,
  title={A graph-theoretic approach to multitasking},
  author={Alon, Noga and Reichman, Daniel and Shinkar, Igor and Wagner, Tal and Musslick, Sebastian and Cohen, Jonathan D and Griffiths, Thomas L and Dey, Biswadip and Ozcimder, Kayhan},
  booktitle={Proceedings of the 31st International Conference on Neural Information Processing Systems},
  pages={2097--2106},
  year={2017},
  organization={Curran Associates Inc.}
}

@article{feng2014multitasking,
  title={Multitasking versus multiplexing: Toward a normative account of limitations in the simultaneous execution of control-demanding behaviors},
  author={Feng, Samuel F and Schwemmer, Michael and Gershman, Samuel J and Cohen, Jonathan D},
  journal={Cognitive, Affective, \& Behavioral Neuroscience},
  volume={14},
  number={1},
  pages={129--146},
  year={2014},
  publisher={Springer}
}

@inproceedings{wang2018meta,
  title={{Meta-Learning {MCMC} Proposals}},
  author={Wang, Tongzhou and Wu, Yi and Moore, Dave and Russell, Stuart J},
  booktitle={{Advances in Neural Information Processing Systems}},
  pages={4150--4160},
  year={2018}
}

@inproceedings{eslami2014just,
  title={Just-in-time learning for fast and flexible inference},
  author={Eslami, SM Ali and Tarlow, Daniel and Kohli, Pushmeet and Winn, John},
  booktitle={{Advances in Neural Information Processing Systems}},
  pages={154--162},
  year={2014}
}

@article{friston2008hierarchical,
  title={Hierarchical models in the brain},
  author={Friston, Karl},
  journal={PLoS Computational Biology},
  volume={4},
  pages={e1000211},
  year={2008},
  publisher={Public Library of Science}
}

@article{gershman2015computational,
  title={Computational rationality: A converging paradigm for intelligence in brains, minds, and machines},
  author={Gershman, Samuel J and Horvitz, Eric J and Tenenbaum, Joshua B},
  journal={Science},
  volume={349},
  number={6245},
  pages={273--278},
  year={2015},
  publisher={American Association for the Advancement of Science}
}

@article{lieder2019resource,
  title={Resource-rational analysis: Understanding human cognition as the optimal use of limited computational resources},
  author={Lieder, Falk and Griffiths, Thomas L},
  journal={Behavioral and Brain Sciences},
  pages={1--85},
  year={2019},
  publisher={Cambridge University Press}
}

@article{whittington2019theories,
  title={Theories of error back-propagation in the brain},
  author={Whittington, James CR and Bogacz, Rafal},
  journal={Trends in Cognitive Sciences},
  year={2019},
  publisher={Elsevier}
}

@article{haefner2016perceptual,
  title={Perceptual decision-making as probabilistic inference by neural sampling},
  author={Haefner, Ralf M and Berkes, Pietro and Fiser, J{\'o}zsef},
  journal={Neuron},
  volume={90},
  pages={649--660},
  year={2016},
  publisher={Elsevier}
}

@article{orban2016neural,
  title={Neural variability and sampling-based probabilistic representations in the visual cortex},
  author={Orb{\'a}n, Gerg{\H{o}} and Berkes, Pietro and Fiser, J{\'o}zsef and Lengyel, M{\'a}t{\'e}},
  journal={Neuron},
  volume={92},
  pages={530--543},
  year={2016},
  publisher={Elsevier}
}

@article{buesing2011neural,
  title={Neural dynamics as sampling: A model for stochastic computation in recurrent networks of spiking neurons},
  author={Buesing, Lars and Bill, Johannes and Nessler, Bernhard and Maass, Wolfgang},
  journal={PLoS Computational Biology},
  volume={7},
  pages={e1002211},
  year={2011},
  publisher={Public Library of Science}
}

@article{kahneman2002representativeness,
  title={Representativeness revisited: Attribute substitution in intuitive judgment},
  author={Kahneman, Daniel and Frederick, Shane},
  journal={Heuristics and biases: The psychology of intuitive judgment},
  volume={49},
  pages={49--81},
  year={2002}
}

@article{kingma2014auto,
  author    = {Diederik P. Kingma and
               Max Welling},
  title     = {Auto-Encoding Variational Bayes},
  journal   = {CoRR},
  volume    = {abs/1312.6114},
  year      = {2013},
  url       = {http://arxiv.org/abs/1312.6114},
  archivePrefix = {arXiv},
  eprint    = {1312.6114},
  timestamp = {Mon, 13 Aug 2018 16:49:01 +0200},
  biburl    = {https://dblp.org/rec/bib/journals/corr/KingmaW13},
  bibsource = {dblp computer science bibliography, https://dblp.org}
}

@article{kennedy1997base,
  title={The base-rate fallacy in school psychology},
  author={Kennedy, Mary Lynne and Willis, W Grant and Faust, David},
  journal={Journal of Psychoeducational Assessment},
  volume={15},
  pages={292--307},
  year={1997},
  publisher={Sage Publications Sage CA: Thousand Oaks, CA}
}

@article{eddy1982probabilistic,
  title={Probabilistic reasoning in clinical medicine: Problems and opportunities},
  author={Eddy, DM},
  journal={Judgment under uncertainty: Heuristics and biases},
  pages={249--267},
  year={1982},
  publisher={Cambridge University Press}
}


@article{green1965experiment,
  title={An experiment in probability estimation},
  author={Green, Paul E and Halbert, Michael H and Robinson, Patrick J},
  journal={Journal of Marketing Research},
  volume={2},
  number={3},
  pages={266--273},
  year={1965},
  publisher={SAGE Publications Sage CA: Los Angeles, CA}
}

@article{koehler1996base,
  title={The base rate fallacy reconsidered: Descriptive, normative, and methodological challenges},
  author={Koehler, Jonathan J},
  journal={Behavioral and Brain Sciences},
  volume={19},
  number={1},
  pages={1--17},
  year={1996},
  publisher={Cambridge University Press}
}

@article{momennejad2018offline,
  title={Offline replay supports planning in human reinforcement learning},
  author={Momennejad, Ida and Otto, A Ross and Daw, Nathaniel D and Norman, Kenneth A},
  journal={eLife},
  volume={7},
  pages={e32548},
  year={2018},
  publisher={eLife Sciences Publications Limited}
}

@article{gershman2017imaginative,
  title={Imaginative reinforcement learning: Computational principles and neural mechanisms},
  author={Gershman, Samuel J and Zhou, Jimmy and Kommers, Cody},
  journal={Journal of Cognitive Neuroscience},
  volume={29},
  number={12},
  pages={2103--2113},
  year={2017},
  publisher={MIT Press}
}

@article{gershman2014retrospective,
  title={Retrospective Revaluation in Sequential Decision Making: A Tale of Two Systems},
  author={Gershman, Samuel J and Markman, Arthur B and Otto, Ross A},
  journal={Journal of Experimental Psychology: General},
  volume={143},
  number={1},
  pages={182--194},
  year={2014}
}

@inproceedings{gu2015neural,
  title={Neural Adaptive Sequential Monte Carlo},
  author={Gu, Shixiang Shane and Ghahramani, Zoubin and Turner, Richard E},
  booktitle={Advances in Neural Information Processing Systems},
  pages={2629--2637},
  year={2015}
}

@inproceedings{de2001variational,
  title={Variational mcmc},
  author={De Freitas, Nando and H{\o}jen-S{\o}rensen, Pedro and Jordan, Michael I and Russell, Stuart},
  booktitle={{Proceedings of the Seventeenth Conference on Uncertainty in Artificial Intelligence}},
  pages={120--127},
  year={2001},
  organization={Morgan Kaufmann Publishers Inc.}
}

@article{geman1992neural,
  title={Neural networks and the bias/variance dilemma},
  author={Geman, Stuart and Bienenstock, Elie and Doursat, Ren{\'e}},
  journal={Neural Computation},
  volume={4},
  number={1},
  pages={1--58},
  year={1992},
  publisher={MIT Press}
}

@article{johnson85,
  title={Effort and accuracy in choice},
  author={Johnson, Eric J and Payne, John W},
  journal={Management Science},
  volume={31},
  number={4},
  pages={395--414},
  year={1985},
  publisher={INFORMS}
}


@article{jordan1999introduction,
  title={An introduction to variational methods for graphical models},
  author={Jordan, Michael I and Ghahramani, Zoubin and Jaakkola, Tommi S and Saul, Lawrence K},
  journal={Machine Learning},
  volume={37},
  number={2},
  pages={183--233},
  year={1999},
  publisher={Springer}
}

@article{fischhoff1984diagnosticity,
  title={Diagnosticity and the base-rate effect},
  author={Fischhoff, Baruch and Bar-Hillel, Maya},
  journal={Memory \& Cognition},
  volume={12},
  pages={402--410},
  year={1984},
  publisher={Springer}
}

@article{tversky1983extensional,
  title={Extensional versus intuitive reasoning: The conjunction fallacy in probability judgment},
  author={Tversky, Amos and Kahneman, Daniel},
  journal={Psychological Review},
  volume={90},
  pages={293--315},
  year={1983},
  publisher={Psychological Review}
}

@article{tversky1973availability,
  title={Availability: A heuristic for judging frequency and probability},
  author={Tversky, Amos and Kahneman, Daniel},
  journal={Cognitive Psychology},
  volume={5},
  number={2},
  pages={207--232},
  year={1973},
  publisher={Elsevier}
}

@inproceedings{tenenbaum2001rational,
  title={The Rational Basis of Representatives},
  author={Tenenbaum, Joshua B and Griffiths, Thomas},
  booktitle={{Proceedings of the Annual Meeting of the Cognitive Science Society}},
  volume={23},
  year={2001}
}

@article{lieder2017strategy,
  title={Strategy selection as rational metareasoning},
  author={Lieder, Falk and Griffiths, Thomas L},
  journal={Psychological Review},
  volume={124},
  pages={762--794},
  year={2017},
  publisher={American Psychological Association}
}

@article{lyon1976dominance,
  title={Dominance of accuracy information and neglect of base rates in probability estimation},
  author={Lyon, Don and Slovic, Paul},
  journal={Acta Psychologica},
  volume={40},
  number={4},
  pages={287--298},
  year={1976},
  publisher={Elsevier}
}

@article{tversky1994support,
  title={Support theory: A nonextensional representation of subjective probability.},
  author={Tversky, Amos and Koehler, Derek J},
  journal={Psychological Review},
  volume={101},
  number={4},
  pages={547},
  year={1994},
  publisher={American Psychological Association}
}


@article{fox1998belief,
  title={A belief-based account of decision under uncertainty},
  author={Fox, Craig R and Tversky, Amos},
  journal={Management Science},
  volume={44},
  number={7},
  pages={879--895},
  year={1998},
  publisher={INFORMS}
}


@article{stewart2006decision,
  title={Decision by sampling},
  author={Stewart, Neil and Chater, Nick and Brown, Gordon DA},
  journal={Cognitive Psychology},
  volume={53},
  number={1},
  pages={1--26},
  year={2006},
  publisher={Elsevier}
}


@article{costello2018surprising,
  title={Surprising rationality in probability judgment: Assessing two competing models},
  author={Costello, Fintan and Watts, Paul and Fisher, Christopher},
  journal={Cognition},
  volume={170},
  pages={280--297},
  year={2018},
  publisher={Elsevier}
}

@article{ganguly2000asset,
  title={Do asset market prices reflect traders' judgment biases?},
  author={Ganguly, Ananda R and Kagel, John H and Moser, Donald V},
  journal={Journal of Risk and Uncertainty},
  volume={20},
  number={3},
  pages={219--245},
  year={2000},
  publisher={Springer}
}

@article{bramley2017formalizing,
  title={{Formalizing Neurath’s ship: Approximate algorithms for online causal learning}},
  author={Bramley, Neil R and Dayan, Peter and Griffiths, Thomas L and Lagnado, David A},
  journal={Psychological Review},
  volume={124},
  number={3},
  pages={301--338},
  year={2017},
  publisher={American Psychological Association}
}

@article{krynski2007role,
  title={The role of causality in judgment under uncertainty.},
  author={Krynski, Tevye R and Tenenbaum, Joshua B},
  journal={Journal of Experimental Psychology: General},
  volume={136},
  number={3},
  pages={430},
  year={2007},
  publisher={American Psychological Association}
}

@article{lieder2018empirical,
  title={Empirical evidence for resource-rational anchoring and adjustment},
  author={Lieder, Falk and Griffiths, Thomas L and Huys, Quentin JM and Goodman, Noah D},
  journal={Psychonomic Bulletin \& Review},
  volume={25},
  number={2},
  pages={775--784},
  year={2018},
  publisher={Springer}
}

@article{lieder2017anchoring,
  title={The anchoring bias reflects rational use of cognitive resources},
  author={Lieder, Falk and Griffiths, Thomas L and Huys, Quentin JM and Goodman, Noah D},
  journal={Psychonomic Bulletin \& Review},
  volume={25},
  number={1},
  pages={322--349},
  year={2018},
  publisher={Springer}
}

@article{marewski2011cognitive,
  title={Cognitive niches: An ecological model of strategy selection},
  author={Marewski, Julian N and Schooler, Lael J},
  journal={Psychological Review},
  volume={118},
  pages={393--437},
  year={2011},
  publisher={American Psychological Association}
}

@article{marewski2014strategy,
  title={Strategy selection: An introduction to the modeling challenge},
  author={Marewski, Julian N and Link, Daniela},
  journal={Wiley Interdisciplinary Reviews: Cognitive Science},
  volume={5},
  pages={39--59},
  year={2014},
  publisher={Wiley Online Library}
}

@article{peterson1964uncertainty,
  title={Uncertainty, inference difficulty, and probability learning},
  author={Peterson, Cameron R and Ulehla, ZJ},
  journal={Journal of Experimental Psychology},
  volume={67},
  pages={523--530},
  year={1964},
  publisher={American Psychological Association}
}

@article{peterson1965sensitivity,
  title={Sensitivity of subjective probability revision},
  author={Peterson, Cameron R and Miller, Alan J},
  journal={Journal of Experimental Psychology},
  volume={70},
  number={1},
  pages={117},
  year={1965},
  publisher={American Psychological Association}
}

@article{peterson1965sample,
  title={Sample size and the revision of subjective probabilities},
  author={Peterson, Cameron R and Schneider, Robert J and Miller, Alan J},
  journal={Journal of Experimental Psychology},
  volume={69},
  pages={522--527},
  year={1965},
  publisher={American Psychological Association}
}

@article{peterson67,
  title={Man as an intuitive statistician},
  author={Peterson, Cameron R and Beach, Lee Roy},
  journal={Psychological Bulletin},
  volume={68},
  pages={29--46},
  year={1967},
  publisher={American Psychological Association}
}

@article{peterson1968sampling,
  title={Sampling distributions and probability revisions},
  author={Peterson, Cameron R and DuCharme, Wesley M and Edwards, Ward},
  journal={Journal of Experimental Psychology},
  volume={76},
  pages={236--243},
  year={1968},
  publisher={American Psychological Association}
}


@article{massey2005detecting,
  title={Detecting regime shifts: The causes of under-and overreaction},
  author={Massey, Cade and Wu, George},
  journal={Management Science},
  volume={51},
  number={6},
  pages={932--947},
  year={2005},
  publisher={INFORMS}
}

@article{kaufman1949discrimination,
  title={The discrimination of visual number},
  author={Kaufman, Edna L and Lord, Miles W and Reese, Thomas Whelan and Volkmann, John},
  journal={The American journal of psychology},
  volume={62},
  number={4},
  pages={498--525},
  year={1949},
  publisher={JSTOR}
}

@inproceedings{paige2016inference,
  title={Inference networks for sequential {Monte Carlo} in graphical models},
  author={Paige, Brooks and Wood, Frank},
  booktitle={{International Conference on Machine Learning}},
  pages={3040--3049},
  year={2016}
}

@article{parpart2018heuristics,
  title={Heuristics as {B}ayesian inference under extreme priors},
  author={Parpart, Paula and Jones, Matt and Love, Bradley C},
  journal={Cognitive Psychology},
  volume={102},
  pages={127--144},
  year={2018},
  publisher={Elsevier}
}

@article{peterson1964mode,
  title={Mode, median, and mean as optimal strategies},
  author={Peterson, Cameron and Miller, Alan},
  journal={Journal of Experimental Psychology},
  volume={68},
  pages={363},
  year={1964},
  publisher={American Psychological Association}
}

@article{janis1943relationship,
  title={The relationship between attitudes toward conclusions and errors in judging logical validity of syllogisms},
  author={Janis, IL and Frick, F},
  journal={Journal of Experimental Psychology},
  volume={33},
  number={1},
  pages={73--77},
  year={1943},
  publisher={Journal of Experimental Psychology}
}

@article{oakhill1989believability,
  title={Believability and syllogistic reasoning},
  author={Oakhill, Jane and Johnson-Laird, PN and Garnham, Alan},
  journal={Cognition},
  volume={31},
  number={2},
  pages={117--140},
  year={1989},
  publisher={Elsevier}
}

@article{newstead1992source,
  title={The source of belief bias effects in syllogistic reasoning},
  author={Newstead, Stephen E and Pollard, Paul and Evans, Jonathan St BT and Allen, Julie L},
  journal={Cognition},
  volume={45},
  number={3},
  pages={257--284},
  year={1992},
  publisher={Elsevier}
}

@article{dawes1993equating,
  title={Equating inverse probabilities in implicit personality judgments},
  author={Dawes, Robyn M and Mirels, Herbert L and Gold, Eric and Donahue, Eileen},
  journal={Psychological Science},
  volume={4},
  number={6},
  pages={396--400},
  year={1993},
  publisher={SAGE Publications Sage CA: Los Angeles, CA}
}

@article{marino2018learning,
  title={Learning to infer},
  author={Marino, Joseph and Yue, Yisong and Mandt, Stephan},
  year={2018}
}


@article{phillips1966conservatism,
  title={Conservatism in a simple probability inference task},
  author={Phillips, Lawrence D and Edwards, Ward},
  journal={{Journal of Experimental Psychology}},
  volume={72},
  pages={346},
  year={1966},
  publisher={American Psychological Association}
}


@inproceedings{ranganath2014black,
  title={Black box variational inference},
  author={Ranganath, Rajesh and Gerrish, Sean and Blei, David},
  booktitle={{Artificial Intelligence and Statistics}},
  pages={814--822},
  year={2014}
}

@inproceedings{rezende2015variational,
  title={Variational Inference with Normalizing Flows},
  author={Rezende, Danilo and Mohamed, Shakir},
  booktitle={{International Conference on Machine Learning}},
  pages={1530--1538},
  year={2015}
}

@article{rieskamp06,
  title={{SSL: A theory of how people learn to select strategies}},
  author={Rieskamp, J{\"o}rg and Otto, Philipp E},
  journal={Journal of Experimental Psychology: General},
  volume={135},
  pages={207--236},
  year={2006},
  publisher={American Psychological Association}
}

@article{rosenthal2011optimal,
  title={Optimal proposal distributions and adaptive MCMC},
  author={Rosenthal, Jeffrey S},
  journal={Handbook of Markov Chain Monte Carlo},
  volume={4},
  number={10.1201},
  year={2011},
  publisher={CRC Press, Boca Raton, FL}
}

@article{sanborn2016bayesian,
  title={Bayesian brains without probabilities},
  author={Sanborn, Adam N and Chater, Nick},
  journal={Trends in Cognitive Sciences},
  volume={20},
  pages={883--893},
  year={2016},
  publisher={Elsevier}
}

@article{shah2008heuristics,
  title={Heuristics made easy: An effort-reduction framework},
  author={Shah, Anuj K and Oppenheimer, Daniel M},
  journal={Psychological Bulletin},
  volume={134},
  pages={207--222},
  year={2008},
  publisher={American Psychological Association}
}

@article{shwe1991probabilistic,
  title={Probabilistic diagnosis using a reformulation of the INTERNIST-1/QMR knowledge base},
  author={Shwe, Michael A and Middleton, Blackford and Heckerman, David E and Henrion, Max and Horvitz, Eric J and Lehmann, HP and Cooper, Gregory F},
  journal={Methods of information in Medicine},
  volume={30},
  number={04},
  pages={241--255},
  year={1991},
  publisher={Schattauer GmbH}
}

@article{slovic1971comparison,
  title={Comparison of Bayesian and regression approaches to the study of information processing in judgment},
  author={Slovic, Paul and Lichtenstein, Sarah},
  journal={Organizational Behavior and Human Performance},
  volume={6},
  number={6},
  pages={649--744},
  year={1971},
  publisher={Elsevier}
}

@article{schwarz1991ease,
  title={Ease of retrieval as information: Another look at the availability heuristic.},
  author={Schwarz, Norbert and Bless, Herbert and Strack, Fritz and Klumpp, Gisela and Rittenauer-Schatka, Helga and Simons, Annette},
  journal={Journal of Personality and Social psychology},
  volume={61},
  number={2},
  pages={195},
  year={1991},
  publisher={American Psychological Association}
}

@inproceedings{stuhlmuller2013learning,
  title={Learning stochastic inverses},
  author={Stuhlm{\"u}ller, Andreas and Taylor, Jacob and Goodman, Noah},
  booktitle={{Advances in Neural Information Processing Systems}},
  pages={3048--3056},
  year={2013}
}

@article{denison2013rational,
  title={Rational variability in children’s causal inferences: The sampling hypothesis},
  author={Denison, Stephanie and Bonawitz, Elizabeth and Gopnik, Alison and Griffiths, Thomas L},
  journal={Cognition},
  volume={126},
  pages={285--300},
  year={2013},
  publisher={Elsevier}
}

@article{griffin1992weighing,
  title={The weighing of evidence and the determinants of confidence},
  author={Griffin, Dale and Tversky, Amos},
  journal={Cognitive Psychology},
  volume={24},
  pages={411--435},
  year={1992},
  publisher={Elsevier}
}

@article{benjamin2016model,
  title={A model of nonbelief in the law of large numbers},
  author={Benjamin, Daniel J and Rabin, Matthew and Raymond, Collin},
  journal={Journal of the European Economic Association},
  volume={14},
  pages={515--544},
  year={2016},
  publisher={Oxford University Press}
}

@article{kraemer2004people,
  title={How do people take into account weight, strength and quality of segregated vs. aggregated data? Experimental evidence},
  author={Kraemer, Carlo and Weber, Martin},
  journal={Journal of Risk and Uncertainty},
  volume={29},
  pages={113--142},
  year={2004},
  publisher={Springer}
}

@article{tversky1974judgment,
  title={Judgment under uncertainty: Heuristics and biases},
  author={Tversky, Amos and Kahneman, Daniel},
  journal={Science},
  volume={185},
  number={4157},
  pages={1124--1131},
  year={1974},
  publisher={American association for the advancement of science}
}

@article{sanborn2010,
  title={Rational approximations to rational models: alternative algorithms for category learning.},
  author={Sanborn, Adam N and Griffiths, Thomas L and Navarro, Daniel J},
  journal={Psychological Review},
  volume={117},
  number={4},
  pages={1144},
  year={2010},
  publisher={American Psychological Association}
}

@article{villejoubert2002inverse,
  title={The inverse fallacy: An account of deviations from Bayes’s theorem and the additivity principle},
  author={Villejoubert, Ga{\"e}lle and Mandel, David R},
  journal={Memory \& cognition},
  volume={30},
  number={2},
  pages={171--178},
  year={2002},
  publisher={Springer}
}

@article{zhu_sanborn_chater_2018,
 title={Bayesian inference causes incoherence in human probability judgments},
 url={psyarxiv.com/af9vy},
 DOI={10.31234/osf.io/af9vy},
 publisher={PsyArXiv},
 author={Zhu, Jian-Qiao and Sanborn, Adam N and Chater, Nick},
 year={2018},
 month={Nov}
}

@article{anderson1991adaptive,
  title={The adaptive nature of human categorization.},
  author={Anderson, John R},
  journal={Psychological review},
  volume={98},
  number={3},
  pages={409},
  year={1991},
  publisher={American Psychological Association}
}

@article{bonawitz14,
  title={Win-Stay, Lose-Sample: A simple sequential algorithm for approximating Bayesian inference},
  author={Bonawitz, Elizabeth and Denison, Stephanie and Gopnik, Alison and Griffiths, Thomas L},
  journal={Cognitive Psychology},
  volume={74},
  pages={35--65},
  year={2014},
  publisher={Elsevier}
}

@article{brainerd2001fuzzy,
  title={Fuzzy-trace theory: Dual processes in memory, reasoning, and cognitive neuroscience},
  author={Brainerd, Charles J and Reyna, Valerie F},
  journal={Advances in child development and behavior},
  volume={28},
  pages={42--100},
  year={2001},
  publisher={Academic Press}
}

@article{costello18,
  title={Invariants in probabilistic reasoning},
  author={Costello, Fintan J and Watts, Paul},
  journal={Cognitive Psychology},
  year={2018},
  volume={100},
  pages={1--16}
}

@inproceedings{dasgupta2017amortized,
  title={Amortized Hypothesis Generation},
  author={Dasgupta, Ishita and Schulz, Eric and Goodman, Noah D and Gershman, Samuel J},
  booktitle={{Proceedings of the 39th Annual Meeting of the Cognitive Science Society}},
 year={2017}
}


@article{dasgupta17,
  title={Where do hypotheses come from?},
  author={Dasgupta, Ishita and Schulz, Eric and Gershman, Samuel J},
  journal={Cognitive Psychology},
  volume={96},
  pages={1--25},
  year={2017},
  publisher={Elsevier}
}

@article{daw2005uncertainty,
  title={Uncertainty-based competition between prefrontal and dorsolateral striatal systems for behavioral control},
  author={Daw, Nathaniel D and Niv, Yael and Dayan, Peter},
  journal={Nature Neuroscience},
  volume={8},
  number={12},
  pages={1704--1711},
  year={2005},
  publisher={Nature Publishing Group}
}

@article{daw2011model,
  title={Model-based influences on humans' choices and striatal prediction errors},
  author={Daw, Nathaniel D and Gershman, Samuel J and Seymour, Ben and Dayan, Peter and Dolan, Raymond J},
  journal={Neuron},
  volume={69},
  number={6},
  pages={1204--1215},
  year={2011},
  publisher={Elsevier}
}

@article{dayan1995helmholtz,
  title={The {H}elmholtz machine},
  author={Dayan, Peter and Hinton, Geoffrey E and Neal, Radford M and Zemel, Richard S},
  journal={Neural Computation},
  volume={7},
  number={5},
  pages={889--904},
  year={1995},
  publisher={MIT Press}
}
@article{medin1978context,
  title={Context theory of classification learning.},
  author={Medin, Douglas L and Schaffer, Marguerite M},
  journal={Psychological Review},
  volume={85},
  number={3},
  pages={207},
  year={1978},
  publisher={American Psychological Association}
}

@article{nosofsky1986attention,
  title={Attention, similarity, and the identification--categorization relationship.},
  author={Nosofsky, Robert M},
  journal={Journal of Experimental Psychology: General},
  volume={115},
  number={1},
  pages={39},
  year={1986},
  publisher={American Psychological Association}
}

@article{denison13,
  title={Rational variability in children's causal inferences: The sampling hypothesis},
  author={Denison, Stephanie and Bonawitz, Elizabeth and Gopnik, Alison and Griffiths, Thomas L},
  journal={Cognition},
  volume={126},
  pages={285--300},
  year={2013},
  publisher={Elsevier}
}


@article{lieder2018overrepresentation,
  title={Overrepresentation of extreme events in decision making reflects rational use of cognitive resources.},
  author={Lieder, Falk and Griffiths, Thomas L and Hsu, Ming},
  journal={Psychological Review},
  volume={125},
  number={1},
  pages={1},
  year={2018},
  publisher={American Psychological Association}
}
@article{dougherty2003probability,
  title={Probability judgment and subadditivity: The role of working memory capacity and constraining retrieval},
  author={Dougherty, Michael RP and Hunter, Jennifer},
  journal={Memory \& Cognition},
  volume={31},
  number={6},
  pages={968--982},
  year={2003},
  publisher={Springer}
}

@article{dougherty2003hypothesis,
  title={Hypothesis generation, probability judgment, and individual differences in working memory capacity},
  author={Dougherty, Michael RP and Hunter, Jennifer E},
  journal={Acta Psychologica},
  volume={113},
  number={3},
  pages={263--282},
  year={2003},
  publisher={Elsevier}
}

@book{feeney2014reasoning,
  title={Reasoning as Memory},
  author={Feeney, Aidan and Thompson, Valerie A},
  year={2014},
  publisher={Psychology Press}
}

@article{gershman12,
  title={Multistability and perceptual inference},
  author={Gershman, Samuel J and Vul, Edward and Tenenbaum, Joshua B},
  journal={Neural Computation},
  volume={24},
  pages={1--24},
  year={2012},
  publisher={MIT Press}
}

@inproceedings{gershman2014amortized,
  title={Amortized inference in probabilistic reasoning},
  author={Gershman, Samuel J and Goodman, Noah D},
booktitle={{Proceedings of the 36th Annual Conference of the Cognitive Science Society}},
  pages={517--522},
  year={2014}
}


@article{gershman2015computational,
  title={Computational rationality: A converging paradigm for intelligence in brains, minds, and machines},
  author={Gershman, Samuel J and Horvitz, Eric J and Tenenbaum, Joshua B},
  journal={Science},
  volume={349},
  number={6245},
  pages={273--278},
  year={2015},
  publisher={American Association for the Advancement of Science}
}

@article{gonzalez03,
  title={Instance-based learning in dynamic decision making},
  author={Gonzalez, Cleotilde and Lerch, Javier F and Lebiere, Christian},
  journal={Cognitive Science},
  volume={27},
  pages={591--635},
  year={2003},
  publisher={Elsevier}
}

@article{goodman2008rational,
  title={A Rational Analysis of Rule-Based Concept Learning},
  author={Goodman, Noah D and Tenenbaum, Joshua B and Feldman, Jacob and Griffiths, Thomas L},
  journal={Cognitive Science},
  volume={32},
  number={1},
  pages={108--154},
  year={2008},
  publisher={Wiley Online Library}
}

@article{griffiths2012bridging,
  title={Bridging levels of analysis for probabilistic models of cognition},
  author={Griffiths, Thomas L and Vul, Edward and Sanborn, Adam N},
  journal={{Current Directions in Psychological Science}},
  volume={21},
  number={4},
  pages={263--268},
  year={2012},
  publisher={Sage Publications}
}

@inproceedings{hamrick15,
  title={Think again? The amount of mental simulation tracks uncertainty in the outcome.},
  author={Hamrick, Jessica B and Smith, Kevin A and Griffiths, Thomas L and Vul, Edward},
  booktitle={CogSci},
  year={2015},
  organization={Citeseer}
}

@article{griffiths2015,
  title={Rational use of cognitive resources: Levels of analysis between the computational and the algorithmic},
  author={Griffiths, Thomas L and Lieder, Falk and Goodman, Noah D},
  journal={Topics in Cognitive Science},
  volume={7},
  pages={217--229},
  year={2015},
  publisher={Wiley Online Library}
}

@article{hawkins2016dynamic,
  title={A dynamic model of reasoning and memory},
  author={Hawkins, Guy E and Hayes, Brett K and Heit, Evan},
  journal={Journal of Experimental Psychology: General},
  volume={145},
  number={2},
  pages={155--180},
  year={2016},
  publisher={American Psychological Association}
}

@article{hayes2013relationship,
  title={The relationship between memory and inductive reasoning: Does it develop?},
  author={Hayes, Brett K and Fritz, Kristina and Heit, Evan},
  journal={Developmental Psychology},
  volume={49},
  number={5},
  pages={848--860},
  year={2013},
  publisher={American Psychological Association}
}

@article{hayes2013similar,
  title={How similar are recognition memory and inductive reasoning?},
  author={Hayes, Brett K and Heit, Evan},
  journal={Memory \& Cognition},
  volume={41},
  number={5},
  pages={781--795},
  year={2013},
  publisher={Springer}
}

@article{heit2011predicting,
  title={Predicting reasoning from memory},
  author={Heit, Evan and Hayes, Brett K},
  journal={Journal of Experimental Psychology: General},
  volume={140},
  number={1},
  pages={76--101},
  year={2011},
  publisher={American Psychological Association}
}

@article{hinton1995wake,
  title={The ``wake-sleep'' algorithm for unsupervised neural networks},
  author={Hinton, Geoffrey E and Dayan, Peter and Frey, Brendan J and Neal, Radford M},
  journal={Science},
  volume={268},
  pages={1158--1160},
  year={1995},
  publisher={The American Association for the Advancement of Science}
}

@book{hofstadter95,
  title={{Fluid Concepts and Creative Analogies: Computer Models of the Fundamental Mechanisms of Thought}},
  author={Hofstadter, Douglas R},
  year={1995},
  publisher={Basic Books}
}

@article{jahn2014memory,
  title={Memory indexing of sequential symptom processing in diagnostic reasoning},
  author={Jahn, Georg and Braatz, Janina},
  journal={Cognitive Psychology},
  volume={68},
  pages={59--97},
  year={2014},
  publisher={Elsevier}
}

@article{jordan1999introduction,
  title={An introduction to variational methods for graphical models},
  author={Jordan, Michael I and Ghahramani, Zoubin and Jaakkola, Tommi S and Saul, Lawrence K},
  journal={Machine Learning},
  volume={37},
  number={2},
  pages={183--233},
  year={1999},
  publisher={Springer}
}

@article{keramati2016adaptive,
  title={Adaptive integration of habits into depth-limited planning defines a habitual-goal--directed spectrum},
  author={Keramati, Mehdi and Smittenaar, Peter and Dolan, Raymond J and Dayan, Peter},
  journal={Proceedings of the National Academy of Sciences},
  volume={113},
  number={45},
  pages={12868--12873},
  year={2016},
  publisher={National Acad Sciences}
}

@article{kingma2013auto,
  title={Auto-encoding variational bayes},
  author={Kingma, Diederik P and Welling, Max},
  journal={The 2nd International Conference
on Learning Representations (ICLR)},
  year={2013}
}

@inproceedings{stocker2008bayesian,
  title={A Bayesian model of conditioned perception},
  author={Stocker, Alan A and Simoncelli, Eero P},
  booktitle={{Advances in Neural Information Processing Systems}},
  pages={1409--1416},
  year={2008}
}

@article{fox1998belief,
  title={A belief-based account of decision under uncertainty},
  author={Fox, Craig R and Tversky, Amos},
  journal={Management Science},
  volume={44},
  number={7},
  pages={879--895},
  year={1998},
  publisher={INFORMS}
}

@article{lda,
  title={Latent dirichlet allocation},
  author={Blei, David M and Ng, Andrew Y and Jordan, Michael I},
  journal={The Journal of Machine Learning Research},
  volume={3},
  pages={993--1022},
  year={2003},
  publisher={JMLR. org}
}

@article{sanborn2010rational,
  title={Rational approximations to rational models: alternative algorithms for category learning.},
  author={Sanborn, Adam N and Griffiths, Thomas L and Navarro, Daniel J},
  journal={Psychological review},
  volume={117},
  number={4},
  pages={1144},
  year={2010},
  publisher={American Psychological Association}
}

@inproceedings{gershman2010neural,
  title={The neural costs of optimal control},
  author={Gershman, Samuel J and Wilson, Robert},
  booktitle={Advances in neural information processing systems},
  pages={712--720},
  year={2010}
}

@article{greene13,
  title={Statistics of high-level scene context},
  author={Greene, Michelle R},
  journal={Frontiers in psychology},
  volume={4},
  year={2013},
  publisher={Frontiers Media SA}
}


@article{luu2016choice,
  title={Choice-dependent Perceptual Biases},
  author={Luu, Long and Stocker, Alan A},
  year={2016}
}
@article{wang2013quantum,
  title={A quantum question order model supported by empirical tests of an a priori and precise prediction},
  author={Wang, Zheng and Busemeyer, Jerome R},
  journal={Topics in Cognitive Science},
  volume={5},
  number={4},
  pages={689--710},
  year={2013},
  publisher={Wiley Online Library}
}

@article{wang2014context,
  title={Context effects produced by question orders reveal quantum nature of human judgments},
  author={Wang, Zheng and Solloway, Tyler and Shiffrin, Richard M and Busemeyer, Jerome R},
  journal={Proceedings of the National Academy of Sciences},
  volume={111},
  number={26},
  pages={9431--9436},
  year={2014},
  publisher={National Acad Sciences}
}

@article{trueblood2011quantum,
  title={A quantum probability account of order effects in inference},
  author={Trueblood, Jennifer S and Busemeyer, Jerome R},
  journal={Cognitive Science},
  volume={35},
  number={8},
  pages={1518--1552},
  year={2011},
  publisher={Wiley Online Library}
}



@article{fleming2017self,
  title={Self-evaluation of decision-making: A general Bayesian framework for metacognitive computation.},
  author={Fleming, Stephen M and Daw, Nathaniel D},
  journal={Psychological Review},
  volume={124},
  number={1},
  pages={91},
  year={2017},
  publisher={American Psychological Association}
}


@article{jazayeri2007new,
  title={A new perceptual illusion reveals mechanisms of sensory decoding},
  author={Jazayeri, Mehrdad and Movshon, J Anthony},
  journal={Nature},
  volume={446},
  number={7138},
  pages={912--915},
  year={2007},
  publisher={Nature Publishing Group}
}


@article{kool2017cost,
  title={Cost-benefit arbitration between multiple reinforcement-learning systems},
  author={Kool, Wouter and Gershman, Samuel J and Cushman, Fiery A},
  journal={Psychological Science},
  volume={28},
  number={9},
  pages={1321--1333},
  year={2017},
  publisher={SAGE Publications Sage CA: Los Angeles, CA}
}

@inproceedings{lieder2012burn,
  title={Burn-in, bias, and the rationality of anchoring},
  author={Lieder, Falk and Griffiths, Thomas L and Goodman, Noah D},
  booktitle={{Advances in Neural Information Processing Systems}},
  pages={2690--2798},
  year={2012}
}

@article{lieder2017empirical,
  title={Empirical Evidence for Resource-Rational Anchoring and Adjustment},
  author={Lieder, Falk and Griffiths, Thomas L. and Huys, Quentin J. M. and Goodman, Noah D.},
  journal={Psychonomic Bulletin \& Review},
  year={2017},
  publisher={Springer}
}

@article{lieder2017anchoring,
  title={The anchoring bias reflects rational use of cognitive resources},
  author={Lieder, Falk and Griffiths, Thomas L and Huys, Quentin JM and Goodman, Noah D},
  journal={Psychonomic Bulletin \& Review},
  pages={1--28},
  year={2017},
  publisher={Springer}
}

@article{lieder2017over,
  title={Over-representation of extreme events in decision making reflects rational use of cognitive resources},
  author={Lieder, Falk and Griffiths, Thomas L. and Hsu, Ming},
  journal={Psychological Review},
  year={2017}
}


@misc{mackay2003information,
  title={Information theory, inference and learning algorithms},
  author={MacKay, David JC},
  year={2003},
  publisher={Cambridge University Press}
}


@article{moreno11,
  title={Bayesian sampling in visual perception},
  author={Moreno-Bote, Rub{\'e}n and Knill, David C and Pouget, Alexandre},
  journal={Proceedings of the National Academy of Sciences},
  volume={108},
  pages={12491--12496},
  year={2011},
  publisher={National Acad Sciences}
}

@book{oaksford2007bayesian,
  title={Bayesian rationality: The probabilistic approach to human reasoning},
  author={Oaksford, Mike and Chater, Nick},
  year={2007},
  publisher={Oxford University Press}
}

@article{oliva2007role,
  title={The role of context in object recognition},
  author={Oliva, Aude and Torralba, Antonio},
  journal={Trends in Cognitive Sciences},
  volume={11},
  number={12},
  pages={520--527},
  year={2007},
  publisher={Elsevier}
}

@inproceedings{paige2016inference,
  title={{Inference networks for Sequential Monte Carlo in graphical models}},
  author={Paige, Brooks and Wood, Frank},
  booktitle={{Proceedings of the 33rd International Conference on Machine Learning}},
  volume={48},
  year={2016}
}

@article{phillips66,
  title={Conservatism in a simple probability inference task},
  author={Phillips, Lawrence D and Edwards, Ward},
  journal={Journal of Experimental Psychology},
  volume={72},
  pages={346--354},
  year={1966},
  publisher={American Psychological Association}
}

@inproceedings{rezende2014stochastic,
  title={Stochastic Backpropagation and Approximate Inference in Deep Generative Models},
  author={Rezende, Danilo Jimenez and Mohamed, Shakir and Wierstra, Daan},
  booktitle={{Proceedings of The 31st International Conference on Machine Learning}},
  pages={1278--1286},
  year={2014}
}

@inproceedings{ritchie2016neurally,
  title={Neurally-guided procedural models: Amortized inference for procedural graphics programs using neural networks},
  author={Ritchie, Daniel and Thomas, Anna and Hanrahan, Pat and Goodman, Noah},
  booktitle={{Advances in Neural Information Processing Systems}},
  pages={622--630},
  year={2016}
}

@article{saeedi17,
  title={Variational Particle Approximations},
  author={Saeedi, Ardavan and Kulkarni, Tejas D and Mansinghka, Vikash and Gershman, Samuel J},
  journal={Journal of Machine Learning Research},
  volume={18},
  pages={1--29},
  year={2017}
}

@article{sanborn2016bayesian,
  title={Bayesian brains without probabilities},
  author={Sanborn, Adam N and Chater, Nick},
  journal={Trends in Cognitive Sciences},
  volume={20},
  number={12},
  pages={883--893},
  year={2016},
  publisher={Elsevier}
}

@article{simoncelli2001natural,
  title={Natural image statistics and neural representation},
  author={Simoncelli, Eero P and Olshausen, Bruno A},
  journal={{Annual Review of Neuroscience}},
  volume={24},
  number={1},
  pages={1193--1216},
  year={2001},
  publisher={Annual Reviews 4139 El Camino Way, PO Box 10139, Palo Alto, CA 94303-0139, USA}
}

@article{sloman04,
    title = {{Typical versus atypical unpacking and superadditive probability judgment.}},
    year = {2004},
    journal = {Journal of Experimental Psychology: Learning, Memory, and Cognition},
    author = {Sloman, Steven and Rottenstreich, Yuval and Wisniewski, Edward and Hadjichristidis, Constantinos and Fox, Craig R},
    number = {3},
    pages = {573--582},
    volume = {30}
}

@inproceedings{stuhlmuller2013learning,
  title={Learning stochastic inverses},
  author={Stuhlm{\"u}ller, Andreas and Taylor, Jacob and Goodman, Noah D},
  booktitle={{Advances in Neural Information Processing Systems}},
  pages={3048--3056},
  year={2013}
}

@article{suchow2017evolution,
  title={Evolution in Mind: Evolutionary Dynamics, Cognitive Processes, and {B}ayesian Inference},
  author={Suchow, Jordan W and Bourgin, David D and Griffiths, Thomas L},
  journal={Trends in Cognitive Sciences},
  year={2017},
  volume={21},
  pages={522--530},
  publisher={Elsevier}
}

@article{thaker17,
  title={Online learning of symbolic concepts},
  author={Thaker, Pratiksha and Tenenbaum, Joshua B. and Gershman, Samuel J.},
  journal={Journal of Mathematical Psychology},
  year={2017}
}

@article{thomas2014memory,
  title={Memory constraints on hypothesis generation and decision making},
  author={Thomas, Rick P and Dougherty, Michael R and Buttaccio, Daniel R},
  journal={Current Directions in Psychological Science},
  volume={23},
  number={4},
  pages={264--270},
  year={2014},
  publisher={Sage Publications Sage CA: Los Angeles, CA}
}

@article{ullman2012theory,
  title={Theory learning as stochastic search in the language of thought},
  author={Ullman, Tomer D and Goodman, Noah D and Tenenbaum, Joshua B},
  journal={Cognitive Development},
  volume={27},
  number={4},
  pages={455--480},
  year={2012},
  publisher={Elsevier}
}
@article{vul2014one,
  title={One and done? Optimal decisions from very few samples},
  author={Vul, Edward and Goodman, Noah and Griffiths, Thomas L and Tenenbaum, Joshua B},
  journal={Cognitive Science},
  volume={38},
  number={4},
  pages={599--637},
  year={2014},
  publisher={Wiley Online Library}
}

@inproceedings{yildirim2015efficient,
  title={Efficient and robust analysis-by-synthesis in vision: A computational framework, behavioral tests, and modeling neuronal representations},
  author={Yildirim, Ilker and Kulkarni, Tejas D and Freiwald, Winrich A and Tenenbaum, Joshua B},
  booktitle={{Proceedings of the 37th Annual Conference of the Cognitive Science Society}},
  year={2015}
}

@inproceedings{abbott13,
  title={Approximating {B}ayesian inference with a sparse distributed memory system},
  author={Abbott, Joshua T and Hamrick, Jessica B and Griffiths, Thomas L},
  booktitle={Proceedings of the 35th {A}nnual {C}onference of the {C}ognitive {S}cience {S}ociety},
  pages={1686--1691},
  year={2013}
}

@inproceedings{abbott2015random,
  title={Random walks on semantic networks can resemble optimal foraging.},
  author={Abbott, Joshua T and Austerweil, Joseph L and Griffiths, Thomas L},
  booktitle={Neural {I}nformation {P}rocessing {S}ystems {C}onference},
  volume={122},
  number={3},
  pages={558},
  year={2015},
  organization={American Psychological Association}
}

@article{brown09,
  title={Detecting and predicting changes},
  author={Brown, Scott D and Steyvers, Mark},
  journal={Cognitive Psychology},
  volume={58},
  pages={49--67},
  year={2009},
  publisher={Elsevier}
}

@article{hills2012optimal,
  title={Optimal foraging in semantic memory.},
  author={Hills, Thomas T and Jones, Michael N and Todd, Peter M},
  journal={Psychological {R}eview},
  volume={119},
  number={2},
  pages={431},
  year={2012},
  publisher={American Psychological Association}
}



@article{marr1976understanding,
  title={From understanding computation to understanding neural circuitry},
  author={Marr, David and Poggio, Tomaso},
  year={1976}
}

@article{carroll2015,
  title={Evaluating the inverse reasoning account of object discovery},
  author={Carroll, Christopher D and Kemp, Charles},
  journal={Cognition},
  volume={139},
  pages={130--153},
  year={2015},
  publisher={Elsevier}
}

@article{Horvitz1989,
    title = {{Bounded Conditioning: {F}lexible Inference for Decisions Under Scarce Resources}},
    year = {1989},
    author = {Horvitz, Eric J. and Suermondt, Jacques H. and Cooper, Gregory F.},
    pages = {182--193}
}

@article{koriat1980,
  title={Reasons for confidence},
  author={Koriat, Asher and Lichtenstein, Sarah and Fischhoff, Baruch},
  journal={Journal of Experimental Psychology: Human learning and memory},
  volume={6},
  pages={107--118},
  year={1980},
  publisher={American Psychological Association}
}

@article{smith2013multiply,
  title={Multiply-constrained semantic search in the Remote Associates Test},
  author={Smith, Kevin A and Huber, David E and Vul, Edward},
  journal={Cognition},
  volume={128},
  number={1},
  pages={64--75},
  year={2013},
  publisher={Elsevier}
}

@article{weber1993,
  title={Determinants of diagnostic hypothesis generation: {E}ffects of information, base rates, and experience},
  author={Weber, Elke U and B{\"o}ckenholt, Ulf and Hilton, Denis J and Wallace, Brian},
  journal={Journal of Experimental Psychology: Learning, Memory, and Cognition},
  volume={19},
  pages={1151--1164},
  year={1993},
  publisher={American Psychological Association}
}

@article{Horvitz2001,
    title = {{Principles and applications of continual computation}},
    year = {2001},
    journal = {Artificial Intelligence},
    author = {Horvitz, Eric},
    pages = {159--196},
    volume = {126},
    isbn = {0004-3702},
    doi = {10.1016/S0004-3702(00)00082-5},
    issn = {00043702},
    pmid = {608},
    keywords = {bounded rationality, compilation, decision-theoretic control, deliberation, metareasoning, speculative execution, value of computation}
}

@article{Peng1987,
    title = {{Diagnostic Problem Solving Diagnostic Strategy}},
    year = {1987},
    author = {Peng, Y U N and Reggia, James A},
    number = {3},
    pages = {395--406}
}

@article{Burda2016,
    title = {{Importance Weighted Autoencoders}},
    year = {2016},
    author = {Burda, Yuri and Grosse, Roger and Salakhutdinov, Ruslan},
    pages = {1--12},
    arxivId = {arXiv:1509.00519v2}
}

@article{shwe1991probabilistic,
  title={Probabilistic diagnosis using a reformulation of the {INTERNIST-1/QMR} knowledge base},
  author={Shwe, Michael A and Middleton, B and Heckerman, DE and Henrion, M and Horvitz, EJ and Lehmann, HP and Cooper, GF},
  journal={Methods of information in Medicine},
  volume={30},
  number={4},
  pages={241--255},
  year={1991}
}

@article{Spelke1990,
    title = {{Principles of object perception}},
    year = {1990},
    journal = {Cognitive Science},
    author = {Spelke, Elizabeth S. and Spelke, S},
    number = {1},
    pages = {29--56},
    volume = {14}
    
}

@article{Teglas2011,
    title = {{Pure reasoning in 12-month-old infants as probabilistic inference}},
    year = {2011},
    journal = {Science (New York, N.Y.)},
    author = {T{\'{e}}gl{\'{a}}s, Erno and Vul, Edward and Girotto, Vittorio and Gonzalez, Michel and Tenenbaum, Joshua B and Bonatti, Luca L},
    number = {6033},
    pages = {1054--9},
    volume = {332}
    
}

@article{Yildirim,
    title = {{Efficient analysis-by-synthesis in vision: {A} computational framework, behavioral tests, and comparison with neural representations}},
    author = {Yildirim, Ilker and Kulkarni, Tejas D},
    keywords = {3d scene understanding, analysis-by-synthesis, behavioral, edu, face processing, jbt, joshua b, mit, neural, tenenbaum}
}

@article{sanborn16,
  title={Bayesian brains without probabilities},
  author={Sanborn, Adam N and Chater, Nick},
  journal={Trends in Cognitive Sciences},
  volume={20},
  pages={883--893},
  year={2016},
  publisher={Elsevier}
}

@article{marchiori15,
  title={Noisy retrieval models of over-and undersensitivity to rare events},
  author={Marchiori, Davide and Di Guida, Sibilla and Erev, Ido},
  journal={Decision},
  volume={2},
  pages={82--106},
  year={2015},
  publisher={Educational Publishing Foundation}
}

@article{elstein1978medical,
  title={Medical problem solving an analysis of clinical reasoning},
  author={Elstein, Arthur S and Shulman, Lee S and Sprafka, Sarah A},
  year={1978}
}

@article{redelmeier1995probability,
  title={Probability judgment in medicine discounting unspecified possibilities},
  author={Redelmeier, Donald A and Koehler, Derek J and Liberman, Varda and Tversky, Amos},
  journal={Medical Decision Making},
  volume={15},
  number={3},
  pages={227--230},
  year={1995},
  publisher={SAGE Publications}
}

@article{Battaglia2013,
    title = {{Simulation as an engine of physical scene understanding}},
    year = {2013},
    journal = {Proceedings of the National Academy of Sciences},
    author = {Battaglia, P. W. and Hamrick, Jessica B. and Tenenbaum, Joshua B.},
    number = {45},
    pages = {18327--18332},
    volume = {110}
}

@article{Salimans2015,
    title = {{Markov Chain Monte Carlo and Variational Inference : Bridging the Gap}},
    year = {2015},
    author = {Salimans, Tim},
    number = {Mcmc},
    arxivId = {arXiv:1410.6460v4}
}

@article{Gershman2014,
    title = {{Retrospective revaluation in sequential decision making: A tale of two systems.}},
    year = {2014},
    journal = {Journal of Experimental Psychology: General},
    author = {Gershman, Samuel J. and Markman, Arthur B. and Otto, A. Ross},
    number = {1},
    pages = {182--194},
    volume = {143}
}

@article{Mnih2014,
    title = {{Neural Variational Inference and Learning in Belief Networks}},
    year = {2014},
    journal = {ArXiv stat.ML},
    author = {Mnih, A. and Gregor, Karol},
    volume = {32}
}

@article{Gershman2012,
    title = {{Nonparametric variational inference}},
    year = {2012},
    author = {Gershman, Samuel and Hoffman, Matt and Blei, David}
}

@article{Silverman1986,
    title = {{Density Estimation for Statistics and Data Analysis}},
    year = {1986},
    journal = {Biometrical Journal},
    author = {Silverman, B. W.},
    number = {7},
    volume = {30}
}

@article{stewart06,
  title={Decision by sampling},
  author={Stewart, Neil and Chater, Nick and Brown, Gordon DA},
  journal={Cognitive Psychology},
  volume={53},
  pages={1--26},
  year={2006},
  publisher={Elsevier}
}

@article{Kulkarni2014,
    title = {{Variational Particle Approximations}},
    year = {2014},
    author = {Kulkarni, Tejas D and Saeedi, Ardavan and Gershman, Samuel},
    number = {1},
    pages = {1--11}
}

@article{barlow2001exploitation,
  title={The exploitation of regularities in the environment by the brain},
  author={Barlow, Horace},
  journal={Behavioral and Brain Sciences},
  volume={24},
  number={04},
  pages={602--607},
  year={2001},
  publisher={Cambridge Univ Press}
}

@article{Welling2014,
    title = {{Auto-Encoding Variational Bayes}},
    year = {2014},
    author = {Welling, Max},
    number = {Ml},
    pages = {1--14}
}

@article{Thomas2008,
    title = {{Diagnostic hypothesis generation and human judgment.}},
    year = {2008},
    journal = {Psychological {R}eview},
    author = {Thomas, Rick P and Dougherty, Michael and Sprenger, Amber M and Harbison, J Isaiah},
    number = {1},
    pages = {155--185},
    volume = {115}
}

@article{sprenger2011,
  title={Implications of cognitive load for hypothesis generation and probability judgment},
  author={Sprenger, Amber M and Dougherty, Michael and Atkins, Sharona M and Franco-Watkins, Ana M and Thomas, Rick and Lange, Nicholas and Abbs, Brandon},
  journal={Frontiers in Psychology},
  volume={2},
  pages={129},
  year={2011},
  publisher={Frontiers}
}

@article{Jaakkola1999,
    title = {{Variational Probabilistic Inference and the QMR-DT Network}},
    year = {1999},
    journal = {Journal of Artificial Intelligence Research},
    author = {Jaakkola, Tommi S and Jordan, Michael I},
    pages = {291--322},
    volume = {10}
}

@article{Heckerman1990,
    title = {{A Tractable Inference Algorithm for Diagnosing Multiple Diseases 1 The QMR model}},
    year = {1990},
    author = {Heckerman, David}
}

@article{Dechter1997,
    title = {{Mini-Buckets: {A} General Scheme for Generating Approximations in Automated Reasoning}},
    year = {1997},
    journal = {Ijcai},
    author = {Dechter, Rina},
    pages = {1297--1303},
    issn = {10450823}
}

@article{Henrion1991,
    title = {{Search-based Methods to Bound Diagnostic Probabilities in Very Large Belief Networks}},
    year = {1991},
    journal = {Proceedings of the Seventh Annual Conference on Uncertainty in Artificial Intelligence (UAI-91)},
    author = {Henrion, M},
    pages = {142--150}
}

@article{Shwe1991,
    title = {{An empirical analysis of likelihood-weighting simulation on a large, multiply connected medical belief network}},
    year = {1991},
    journal = {Computers and biomedical research, an international journal},
    author = {Shwe, Michael A and Cooper, G},
    number = {5},
    pages = {453--475},
    volume = {24}
}

@article{Liao2014,
    title = {{Unsupervised learning of clutter-resistant visual representations from natural videos}},
    year = {2014},
    journal = {arXiv preprint arXiv:1409.3879},
    author = {Liao, Qianli and Leibo, JZ and Poggio, Tomaso},
    number = {23}
}

@article{Niyogi1998,
    title = {{Incorporating prior information in machine learning by creating virtual examples}},
    year = {1998},
    journal = {Proceedings of the IEEE},
    author = {Niyogi, Partha and Girosi, Federico and Poggio, Tomaso},
    number = {11},
    pages = {2196--2208},
    volume = {86}
}

@article{Fuhs2007,
    title = {{Context learning in the rodent hippocampus.}},
    year = {2007},
    journal = {Neural Computation},
    author = {Fuhs, Mark C and Touretzky, David S},
    number = {12},
    pages = {3173--3215},
    volume = {19}
}

@article{Gershman2014a,
    title = {{Statistical computations underlying the dynamics of memory updating.}},
    year = {2014},
    journal = {PLoS Computational Biology},
    author = {Gershman, Samuel J and Radulescu, Angela and Norman, Kenneth a and Niv, Yael},
    number = {11},
    pages = {e1003939},
    volume = {10}
}

@book{surowiecki2005wisdom,
  title={The wisdom of crowds},
  author={Surowiecki, James},
  year={2005},
  publisher={Anchor}
}
@article{greene2014visual,
  title={Visual categorization is automatic and obligatory: Evidence from Stroop-like paradigm},
  author={Greene, Michelle R and Fei-Fei, Li},
  journal={Journal of vision},
  volume={14},
  number={1},
  pages={14--14},
  year={2014},
  publisher={The Association for Research in Vision and Ophthalmology}
}

@article{hwang1988simulated,
  title={Simulated annealing: {T}heory and applications},
  author={Hwang, Chii-Ruey},
  journal={Acta Applicandae Mathematicae},
  volume={12},
  number={1},
  pages={108--111},
  year={1988},
  publisher={Springer}
}
@article{dud,
  title={The dud-alternative effect in likelihood judgment.},
  author={Windschitl, Paul D and Chambers, John R},
  journal={Journal of Experimental Psychology: Learning, Memory, and Cognition},
  volume={30},
  number={1},
  pages={198},
  year={2004},
  publisher={American Psychological Association}
}

@article{cooper1990complexity,
  title={The computational complexity of probabilistic inference using Bayesian belief networks},
  author={Cooper, Gregory F},
  journal={Artificial {I}ntelligence},
  volume={42},
  number={2-3},
  pages={393--405},
  year={1990},
  publisher={Elsevier}
}
@article{Fyhn2007,
    title = {{Hippocampal remapping and grid realignment in entorhinal cortex}},
    year = {2007},
    journal = {Nature},
    author = {Fyhn, Marianne and Hafting, Torkel and Treves, Alessandro and Moser, May-Britt and Moser, Edvard I},
    number = {7132},
    pages = {190--4},
    volume = {446}
}

@article{Doboli2000,
    title = {{Latent attractors: {A} model for context-dependent place representations in the hippocampus.}},
    year = {2000},
    journal = {Neural Computation},
    author = {Doboli, Simona and Minai, Ali A and Best, Phillip J},
    number = {5},
    pages = {1009--1043},
    volume = {12}
}

@article{Gershman2010,
    title = {{Context, learning, and extinction.}},
    year = {2010},
    journal = {Psychological Review},
    author = {Gershman, Samuel J. and Blei, David M. and Niv, Yael},
    number = {1},
    pages = {197--209},
    volume = {117}
}

@article{Colgin2008,
    title = {{Understanding memory through hippocampal remapping}},
    year = {2008},
    journal = {Trends in Neurosciences},
    author = {Colgin, Laura Lee and Moser, Edvard I. and Moser, May-Britt},
    number = {9},
    pages = {469--477},
    volume = {31}
}

@article{Hopfield1982,
    title = {{Neural networks and physical systems with emergent collective computational abilities.}},
    year = {1982},
    journal = {Proceedings of the National Academy of Sciences of the United States of America},
    author = {Hopfield, J J},
    number = {8},
    pages = {2554--2558},
    volume = {79}
}

@article{Moser2008,
    title = {{Place cells, grid cells, and the brain's spatial representation system}},
    year = {2008},
    journal = {Annu. Rev. Neurosci.},
    author = {Moser, Edvard I and Kropff, Emilio and Moser, May-Britt},
    pages = {69--89},
    volume = {31}
}

@article{Penny2013,
    title = {{Forward and Backward Inference in Spatial Cognition}},
    year = {2013},
    journal = {PLoS Computational Biology},
    author = {Penny, Will D. and Zeidman, Peter and Burgess, Neil},
    number = {12},
    pages = {e1003383},
    volume = {9}
}

@article{Leutgeb2005,
    title = {{Progressive Transformation of Hippocampal Neuronal Representations in “Morphed” Environments}},
    year = {2005},
    journal = {Neuron},
    author = {Leutgeb, Jill K. and Leutgeb, Stefan and Treves, Alessandro and Meyer, Retsina and Barnes, Carol A. and McNaughton, Bruce L. and Moser, May-Britt and Moser, Edvard I.},
    number = {2},
    pages = {345--358},
    volume = {48}
}

@article{Wills2013,
    title = {{Environment Attractor Dynamics in the Hippocampal Representation of the Local Environment}},
    year = {2013},
    author = {Wills, Tom J and Keefe, John O},
    number = {2005},
    pages = {873--876},
    volume = {873}
}

@article{kemp2009structured,
    title = {{Structured statistical models of inductive reasoning.}},
    year = {2009},
    journal = {Psychological Review},
    author = {Kemp, Charles and Tenenbaum, Joshua B},
    number = {1},
    month = {1},
    pages = {20--58},
    volume = {116}
}

@article{Kemp2008,
    title = {{The discovery of structural form.}},
    year = {2008},
    journal = {Proceedings of the National Academy of Sciences of the United States of America},
    author = {Kemp, Charles and Tenenbaum, Joshua B},
    number = {31},
    pages = {10687--92},
    volume = {105}
}

@article{Abbott2011,
    title = {{Testing a Bayesian Measure of Representativeness Using a Large Image Database}},
    year = {2011},
    journal = {Advances in Neural Information Processing Systems 24 (Proceedings of NIPS)},
    author = {Abbott, Joshua T and Heller, Katherine a and Ghahramani, Zoubin and Griffiths, Thomas L},
    pages = {1--9}
}

@article{Tenenbaum2001,
    title = {{The Rational Basis of Representativeness}},
    year = {2001},
    journal = {23rd Annual Conference of the Cognitive Science Society},
    author = {Tenenbaum, Joshua B. and Griffiths, Thomas},
    pages = {84--98}
}

@article{chater2006,
  title={Probabilistic models of cognition: Conceptual foundations},
  author={Chater, Nick and Tenenbaum, Joshua B and Yuille, Alan},
  journal={Trends in Cognitive Sciences},
  volume={10},
  pages={287--291},
  year={2006},
  publisher={Elsevier}
}

@article{frank2012,
  title={Predicting pragmatic reasoning in language games},
  author={Frank, Michael C and Goodman, Noah D},
  journal={Science},
  volume={336},
  pages={998--998},
  year={2012},
  publisher={American Association for the Advancement of Science}
}

@article{griffiths2006,
  title={Optimal predictions in everyday cognition},
  author={Griffiths, Thomas L and Tenenbaum, Joshua B},
  journal={Psychological Science},
  volume={17},
  pages={767--773},
  year={2006},
  publisher={SAGE Publications}
}

@article{griffiths2011,
  title={Predicting the future as Bayesian inference: {P}eople combine prior knowledge with observations when estimating duration and extent},
  author={Griffiths, Thomas L and Tenenbaum, Joshua B},
  journal={Journal of Experimental Psychology: General},
  volume={140},
  pages={725--743},
  year={2011},
  publisher={American Psychological Association}
}

@article{Gerstenberg2015,
    title = {{How , whether , why : Causal judgments as counterfactual contrasts}},
    year = {2015},
    journal = {Proceedings of the 37th Annual Conference of the Cognitive Science Society},
    author = {Gerstenberg, Tobias and Goodman, Noah D and Lagnado, David a and Tenenbaum, Joshua B},
    number = {1},
    pages = {3--8},
    volume = {1}
}

@article{Gettys1979,
    title = {{Hypothesis plausibility and hypothesis generation}},
    year = {1979},
    journal = {Organizational Behavior and Human Performance},
    author = {Gettys, Charles F. and Fisher, S. D.},
    pages = {93--110},
    volume = {24}
}

@article{Denison2013,
    title = {{Rational variability in children's causal inferences: The Sampling Hypothesis}},
    year = {2013},
    journal = {Cognition},
    author = {Denison, Stephanie and Bonawitz, Elizabeth and Gopnik, Alison and Griffiths, Thomas L.},
    number = {2},
    pages = {280--300},
    volume = {126},
    publisher = {Elsevier B.V.}
}

@book{oaksford2007,
  title={Bayesian rationality: The probabilistic approach to human reasoning},
  author={Oaksford, Mike and Chater, Nick},
  year={2007},
  publisher={Oxford University Press}
}

@article{Bonawitz2014,
    title = {{Win-Stay, Lose-Sample: A simple sequential algorithm for approximating Bayesian inference}},
    year = {2014},
    journal = {Cognitive Psychology},
    author = {Bonawitz, Elizabeth and Denison, Stephanie and Gopnik, Alison and Griffiths, Thomas L.},
    pages = {35--65},
    volume = {74}
}

@article{petzschner2015,
  title={A {B}ayesian perspective on magnitude estimation},
  author={Petzschner, Frederike H and Glasauer, Stefan and Stephan, Klaas E},
  journal={Trends in Cognitive Sciences},
  volume={19},
  pages={285--293},
  year={2015},
  publisher={Elsevier}
}

@article{shi10,
  title={Exemplar models as a mechanism for performing {B}ayesian inference},
  author={Shi, Lei and Griffiths, Thomas L and Feldman, Naomi H and Sanborn, Adam N},
  journal={Psychonomic Bulletin \& Review},
  volume={17},
  pages={443--464},
  year={2010},
  publisher={Springer}
}

@article{Sloman2015,
    title = {{Causality in Thought}},
    year = {2015},
    journal = {Annual Review of Psychology},
    author = {Sloman, Steven A. and Lagnado, David},
    number = {1},
    pages = {223--247},
    volume = {66}
}

@article{Halpern2015,
    title = {{Graded Causation and Defaults}},
    year = {2015},
    journal = {British Journal for the Philosophy of Science},
    author = {Halpern, Joseph Y and Hitchcock, Christopher},
    pages = {1--37},
    volume = {66}
}

@article{Halpern2001,
    title = {{Causes and Explanations : A Structural-Model Approach — Part II : Explanations Z 2 V ; Y}},
    year = {2001},
    author = {Halpern, Joseph Y},
    pages = {194--202}
}

@article{Rezende2015,
    title = {{Variational Inference with Normalizing Flows}},
    year = {2015},
    journal = {International Conference on Machine Learning},
    author = {Rezende, Danilo Jimenez and Mohamed, Shakir},
    volume = {37}
}

@article{Gershman2014b,
    title = {{Amortized Inference in Probabilistic Reasoning}},
    year = {2014},
    journal = {Proceedings of the 36th Annual Conference of the Cognitive Science Society},
    author = {Gershman, Samuel J and Goodman, Noah D},
    pages = {517--522},
    volume = {1}
}

@article{Stuhlmueller2013,
    title = {{Learning Stochastic Inverses}},
    year = {2013},
    journal = {Advances in Neural Information Processing Systems 27 (NIPS 2013)},
    author = {Stuhlmueller, Andreas and Taylor, Jessica and Goodman, Noah D},
    pages = {1--9},
    issn = {10495258}
}

@article{Rezende2014,
    title = {{Stochastic backpropagation and approximate inference in deep generative models}},
    year = {2014},
    journal = {Proceedings of The 31st {\ldots}},
    author = {Rezende, D J and Mohamed, S and Wierstra, D},
    pages = {1278--1286},
    volume = {32}
}

@article{Paige2015,
    title = {{Inference Networks for Graphical Models}},
    year = {2015},
    author = {Paige, Brooks and Wood, Frank},
    number = {2014},
    pages = {1--5}
}
@inproceedings{vul2009explaining,
  title={Explaining human multiple object tracking as resource-constrained approximate inference in a dynamic probabilistic model},
  author={Vul, Ed and Alvarez, George and Tenenbaum, Joshua B and Black, Michael J},
  booktitle={Advances in {N}eural {I}nformation {P}rocessing {S}ystems},
  pages={1955--1963},
  year={2009}
}

@misc{ldapython,
  title = {lda},
  year = {2016},
  publisher = {GitHub},
  journal = {GitHub repository},
  howpublished = {\url{https://github.com/ariddell/lda}},
}

@article{Wexler2012,
    title = {{Importance sampling via variational optimization}},
    year = {2012},
    journal = {arXiv preprint arXiv:1206.5285},
    author = {Wexler, Ydo and Geiger, Dan},
    pages = {426--433}
}
@inproceedings{shi2009neural,
  title={{Neural implementation of hierarchical Bayesian inference by importance sampling}},
  author={Shi, Lei and Griffiths, Thomas L},
  booktitle={Advances in {N}eural {I}nformation {P}rocessing {S}ystems},
  pages={1669--1677},
  year={2009}
}
@article{Hilbert2012,
    title = {{Toward a synthesis of cognitive biases: How noisy information processing can bias human decision making.(Worse-than-average effect)}},
    year = {2012},
    journal = {Psychological Bulletin},
    author = {Hilbert, Martin},
    number = {2},
    pages = {211--237},
    volume = {138}
}
@article{markantimpact,
  title={The impact of biased hypothesis generation on self-directed learning},
  author={Markant, Douglas B},
  year = {2016},
  booktitle={Proceedings of the 36th annual conference of the {C}ognitive {S}cience {S}ociety}
}
@article{Kemp2009,
    title = {{"Structured statistical models of inductive reasoning": Correction.}},
    year = {2009},
    journal = {Psychological review},
    author = {Kemp, Charles and Tenenbaum, Joshua B},
    number = {2},
    pages = {461},
    volume = {116}
}

@inproceedings{hamrick2015think,
  title={Think again? The amount of mental simulation tracks uncertainty in the outcome},
  author={Hamrick, Jessica B and Smith, Kevin A and Griffiths, Thomas L and Vul, Edward},
  booktitle={{Proceedings of the Thirty-seventh Annual Conference of the Cognitive Science Society}},
  year={2015}
}

@article{Bowers2012,
    title = {{Bayesian just-so stories in psychology and neuroscience.}},
    year = {2012},
    journal = {Psychological bulletin},
    author = {Bowers, Jeffrey S and Davis, Colin J},
    number = {3},
    pages = {389--414},
    volume = {138}
}

@article{Costello2014,
    title = {{Surprisingly rational: Probability theory plus noise explains biases in judgment.}},
    year = {2014},
    journal = {Psychological Review},
    author = {Costello, Fintan and Watts, Paul},
    number = {3},
    pages = {463--80},
    volume = {121}
}

@article{Lieder2013,
    title = {{Burn-in , bias , and the rationality of anchoring}},
    year = {2013},
    journal = {Advances in Neural Information Processing Systems 25},
    author = {Lieder, Falk and Griffiths, Thomas L and Goodman, Noah D},
    pages = {1--9},
    volume = {25},
    isbn = {9781627480031},
    issn = {10495258}
}

@article{ross96,
  title={Category-based predictions: influence of uncertainty and feature associations},
  author={Ross, Brian H and Murphy, Gregory L},
  journal={Journal of Experimental Psychology: Learning, Memory, and Cognition},
  volume={22},
  pages={736--753},
  year={1996},
  publisher={American Psychological Association}
}

@article{buesing11,
  title={Neural dynamics as sampling: a model for stochastic computation in recurrent networks of spiking neurons},
  author={Buesing, Lars and Bill, Johannes and Nessler, Bernhard and Maass, Wolfgang},
  journal={PLoS Computational Biology},
  volume={7},
  pages={e1002211},
  year={2011},
  publisher={Public Library of Science}
}

@article{pecevski11,
  title={Probabilistic inference in general graphical models through sampling in stochastic networks of spiking neurons},
  author={Pecevski, Dejan and Buesing, Lars and Maass, Wolfgang},
  journal={PLoS Computational Biology},
  volume={7},
  pages={e1002294},
  year={2011},
  publisher={Public Library of Science}
}

@article{Goodman2008,
    title = {{A Rational Analysis of Rule-Based Concept Learning}},
    year = {2008},
    journal = {Cognitive Science: A Multidisciplinary Journal},
    author = {Goodman, Noah and Tenenbaum, Joshua B and Feldman, Jacob and Griffiths, Thomas},
    number = {1},
    pages = {108--154},
    volume = {32}
}

@article{Technical1973a,
    title = {{Department of commerce 5285}},
    year = {1973},
    author = {Technical, National and Service, Information},
    number = {November}
}

@article{Bonawitz2010,
    title = {{Deconfounding hypothesis generation and evaluation in Bayesian models}},
    year = {2010},
    journal = {Proceedings of the 32nd annual {\ldots}},
    author = {Bonawitz, Elizabeth and Griffiths, Thomas L},
    pages = {2260--2265}
}

@article{Dougherty2003,
    title = {{Probability judgment and subadditivity: The role of working memory capacity and constraining retrieval}},
    year = {2003},
    journal = {Memory {\&} Cognition},
    author = {Dougherty, Michael and Hunter, Jennifer},
    pages = {968--982},
    volume = {31}
}

@article{multistability,
    title = {{Multistability and Perceptual Inference}},
    year = {2012},
    journal = {Neural Computation},
    author = {Gershman, Samuel J. and Vul, Edward and Tenenbaum, Joshua B},
    number = {1},
    pages = {1--24},
    volume = {24}
}

@article{vul08,
  title={Measuring the crowd within probabilistic representations within individuals},
  author={Vul, Edward and Pashler, Harold},
  journal={Psychological Science},
  volume={19},
  pages={645--647},
  year={2008},
  publisher={SAGE Publications}
}

@article{gigerenzer09,
  title={Homo heuristicus: Why biased minds make better inferences},
  author={Gigerenzer, Gerd and Brighton, Henry},
  journal={Topics in Cognitive Science},
  volume={1},
  pages={107--143},
  year={2009},
  publisher={Wiley Online Library}
}

@article{Gershman2015,
    title = {{Computational rationality: A converging paradigm for intelligence in brains, minds, and machines}},
    year = {2015},
    journal = {Science},
    author = {Gershman, Samuel J and Horvitz, Eric J and Tenenbaum, Joshua B},
    number = {6245},
    pages = {273--278},
    volume = {349}
}

@article{Denison2013a,
    title = {{Rational variability in children's causal inferences: The Sampling Hypothesis}},
    year = {2013},
    journal = {Cognition},
    author = {Denison, Stephanie and Bonawitz, Elizabeth and Gopnik, Alison and Griffiths, Thomas L.},
    number = {2},
    pages = {280--300},
    volume = {126}
}
@inproceedings{hadjichristidis1999opening,
  title={Opening Pandora's box: Selective unpacking and superadditivity},
  author={Hadjichristidis, C and Stibel, JM and Sloman, SA and Over, DE and Stevenson, RJ},
  booktitle={{Proceedings of the European Society for the Study of Cognitive Systems 16th Annual Workshop}},
  year={1999}
}
@article{Vul2014,
    title = {{One and done? Optimal decisions from very few samples}},
    year = {2014},
    journal = {Cognitive Science},
    author = {Vul, Edward and Goodman, Noah and Griffiths, Thomas L. and Tenenbaum, Joshua B.},
    number = {4},
    pages = {599--637},
    volume = {38}
}


@article{dougherty1997,
  title={The role of mental simulation in judgments of likelihood},
  author={Dougherty, Michael and Gettys, Charles F and Thomas, Rickey P},
  journal={Organizational Behavior and Human Decision Processes},
  volume={70},
  pages={135--148},
  year={1997},
  publisher={Elsevier}
}

@article{Dougherty1999,
    title = {{MINERVA-DM: A memory processes model for judgments of likelihood.}},
    year = {1999},
    journal = {Psychological Review},
    author = {Dougherty, Michael and Gettys, Charles F. and Ogden, Eve E.},
    number = {1},
    pages = {180--209},
    volume = {106}
}

@article{super,
    title = {{Typical versus atypical unpacking and superadditive probability judgment.}},
    year = {2004},
    journal = {Journal of Experimental Psychology: Learning, Memory, and Cognition},
    author = {Sloman, Steven and Rottenstreich, Yuval and Wisniewski, Edward and Hadjichristidis, Constantinos and Fox, Craig R},
    number = {3},
    pages = {573--582},
    volume = {30}
}

@article{kahneman72,
  title={Subjective probability: A judgment of representativeness},
  author={Kahneman, Daniel and Tversky, Amos},
  journal={Cognitive Psychology},
  volume={3},
  pages={430--454},
  year={1972},
  publisher={Elsevier}
}

@article{mcnamara92,
  title={Theories of priming: I. Associative distance and lag},
  author={McNamara, Timothy P},
  journal={Journal of Experimental Psychology: Learning, Memory, and Cognition},
  volume={18},
  pages={1173--1190},
  year={1992},
  publisher={American Psychological Association}
}

@article{tversky,
    title = {{Judgment under Uncertainty: Heuristics and Biases.}},
    year = {1974},
    journal = {Science (New York, N.Y.)},
    author = {Tversky, Amos and Kahneman, Daniel},
    number = {4157},
    pages = {1124--1131},
    volume = {185}
}

@article{tversky94,
  title={Support theory: a nonextensional representation of subjective probability},
  author={Tversky, Amos and Koehler, Derek J},
  journal={Psychological Review},
  volume={101},
  pages={547--567},
  year={1994},
  publisher={American Psychological Association}
}

@inproceedings{fei05,
  title={A {B}ayesian hierarchical model for learning natural scene categories},
  author={Fei-Fei, Li and Perona, Pietro},
  booktitle={2005 IEEE Computer Society Conference on Computer Vision and Pattern Recognition (CVPR'05)},
  volume={2},
  pages={524--531},
  year={2005},
  organization={IEEE}
}
@article{conf,
    title = {{Hypothesis Generation And Confidence in Judgment}},
    year = {1994},
    journal = {Learning, Memory},
    author = {Koehler, DJ}
}

@article{weak,
  title={When good evidence goes bad: The weak evidence effect in judgment and decision-making},
  author={Fernbach, Philip M and Darlow, Adam and Sloman, Steven A},
  journal={Cognition},
  volume={119},
  number={3},
  pages={459--467},
  year={2011},
  publisher={Elsevier}
}

@article{MINERVAsub,
    title = {{Minerva-DM and subadditive frequency judgments}},
    year = {2004},
    journal = {Journal of Behavioral Decision Making},
    author = {Neil Bearden, J. and Wallsten, Thomas S.},
    number = {5},
    pages = {349--363},
    volume = {17}
}

@article{Gershman,
    title = {{Reinforcement learning and episodic memory in humans and animals : an integrative framework}},
    author = {Gershman, Samuel J and Daw, Nathaniel D},
    volume = {1231216}
}

@article{Sutton1991,
    title = {{Dyna, an integrated architecture for learning, planning, and reacting}},
    year = {1991},
    journal = {ACM SIGART Bulletin},
    author = {Sutton, Richard S},
    pages = {160–163},
    volume = {2}
}

@article{sanborn2010rational,
  title={Rational approximations to rational models: alternative algorithms for category learning.},
  author={Sanborn, Adam N and Griffiths, Thomas L and Navarro, Daniel J},
  journal={Psychological review},
  volume={117},
  number={4},
  pages={1144},
  year={2010},
  publisher={American Psychological Association}
}
@article{chopin2002sequential,
  title={A sequential particle filter method for static models},
  author={Chopin, Nicolas},
  journal={Biometrika},
  volume={89},
  number={3},
  pages={539--552},
  year={2002},
  publisher={Biometrika Trust}
}
@inproceedings{bramley2015staying,
  title={Staying afloat on Neurath’s boat--Heuristics for sequential causal learning},
  author={Bramley, Neil R and Dayan, Peter and Lagnado, David A},
  booktitle={Proceedings of the 36th annual conference of the Cognitive Science Society},
  pages={262--267},
  year={2015}
}
d@inproceedings{collision,
    title = {{A Bayesian Framework for Modeling Intuitive Dynamics}},
    year = {2009},
    booktitle = {{Proceedings of the 31st Annual Conference of the Cognitive Science Society}},
    author = {Sanborn, Adam N and Griffiths, Thomas L},
    pages = {1145--1150}
}

@article{motion,
    title = {{Pure reasoning in 12-month-old infants as probabilistic inference.}},
    year = {2011},
    journal = {Science},
    author = {T{\'{e}}gl{\'{a}}s, Erno and Vul, Edward and Girotto, Vittorio and Gonzalez, Michel and Tenenbaum, Joshua B and Bonatti, Luca L},
    number = {6033},
    pages = {1054--9},
    volume = {332}
}

@article{blocks,
    title = {{Internal physics models guide probabilistic judgments about object dynamics}},
    year = {2011},
    journal = {Proceedings of the 33rd Annual Conference of the Cognitive Science Society},
    author = {Hamrick, Jessica B.; and Battaglia, Peter; and Tenenbaum, Joshua B.;},
    pages = {1545--1550}
}
@article{Horvitz1988ReasoningConstraints,
    title = {{Reasoning about beliefs and actions under computational resource constraints}},
    year = {1988},
    journal = {International Journal of Approximate Reasoning},
    author = {Horvitz, Eric J},
    number = {3},
    pages = {337--338},
    volume = {2}
}

@article{Perov2015Data-drivenProgramming,
    title = {{Data-driven Sequential Monte Carlo in Probabilistic Programming}},
    year = {2015},
    journal = {arXiv},
    author = {Perov, Yura and Wood, Frank},
    pages = {1--12}
}

@book{robert13,
  title={{Monte Carlo Statistical Methods}},
  author={Robert, Christian and Casella, George},
  year={2013},
  publisher={Springer Science \& Business Media}
}

@article{Draper1994LocalizedNetworks,
    title = {{Localized Partial Evaluation of Belief Networks}},
    year = {1994},
    journal = {Proceedings of the Tenth Annual Conference on Uncertainty in Artificial Intelligence (UAI-94)},
    author = {Draper, Denise L and Hanks, Steve},
    pages = {170--177}
}

@article{Gorry1988ExperienceDiagnosis,
    title = {{Experience with a model of Sequential Diagnosis}},
    year = {1988},
    author = {Gorry, A. and O., Barnett},
    pages = {490--507}
}

@article{GershmanRetrospectiveSystems,
    title = {{Retrospective Revaluation in Sequential Decision Making: A Tale of Two Systems}},
    author = {Gershman, Samuel J and Markman, Arthur B and Otto, A Ross},
    doi = {10.1037/a0030844},
    keywords = {DYNA, decision making, reinforcement learning, retrospective revaluation}
}

@article{Sanborn2006ACategorization,
    title = {{A More Rational Model of Categorization}},
    year = {2006},
    journal = {Proceedings of the 28th Annual Conference of the Cognitive Science Society},
    author = {Sanborn, Adam N and Griffiths, Thomas L and Navarro, Daniel J},
    pages = {1--6}
}

@article{Griffiths2012BridgingCognition,
    title = {{Bridging Levels of Analysis for Probabilistic Models of Cognition}},
    year = {2012},
    journal = {Current Directions in Psychological Science},
    author = {Griffiths, T. L. and Vul, E. and Sanborn, a. N.},
    number = {4},
    pages = {263--268},
    volume = {21}
}

@article{Gershman2015ComputationalMachines,
    title = {{Computational rationality: A converging paradigm for intelligence in brains, minds, and machines}},
    year = {2015},
    journal = {Science},
    author = {Gershman, Samuel J and Horvitz, Eric J and Tenenbaum, Joshua B},
    number = {6245},
    pages = {273--278},
    volume = {349}
}

@article{ThakerRunningLearning,
    title = {{Running head : GARDEN PATHS IN CONCEPT LEARNING A rational process account of garden paths in concept learning}},
    author = {Thaker, Pratiksha and Tenenbaum, Joshua B and Gershman, Samuel J},
    pages = {1--24}
}

@article{Tenenbaum2011HowAbstraction.,
    title = {{How to grow a mind: statistics, structure, and abstraction.}},
    year = {2011},
    journal = {Science (New York, N.Y.)},
    author = {Tenenbaum, Joshua B and Kemp, Charles and Griffiths, Thomas L and Goodman, Noah D},
    number = {6022},
    pages = {1279--1285},
    volume = {331}
}

@article{Abbott2011ExploringLearning,
    title = {{Exploring the influence of particle filter parameters on order effects in causal learning}},
    year = {2011},
    journal = {Proceedings of the 33rd Annual Conference of the Cognitive Science Society},
    author = {Abbott, Joshua T and Griffiths, Tl},
    pages = {2950--2955}
}

@article{Dechter2015LatentGrammars,
    title = {{Latent Predicate Networks : Concept Learning with Probabilistic Context-Sensitive Grammars}},
    year = {2015},
    author = {Dechter, Eyal and Rule, Joshua and Tenenbaum, Joshua B},
    pages = {43--47}
}
@article{smith2013sources,
  title={Sources of uncertainty in intuitive physics},
  author={Smith, Kevin A and Vul, Edward},
  journal={Topics in cognitive science},
  volume={5},
  number={1},
  pages={185--199},
  year={2013},
  publisher={Wiley Online Library}
}
@article{russell2008labelme,
  title={LabelMe: a database and web-based tool for image annotation},
  author={Russell, Bryan C and Torralba, Antonio and Murphy, Kevin P and Freeman, William T},
  journal={International journal of computer vision},
  volume={77},
  number={1-3},
  pages={157--173},
  year={2008},
  publisher={Springer}
}

@article{Jordan1999IntroductionModels,
    title = {{Introduction to variational methods for graphical models}},
    year = {1999},
    journal = {Machine Learning},
    author = {Jordan, Michael I. and Ghahramani, Zoubin and Jaakkola, Tommi S. and Saul, Lawrence K.},
    number = {2},
    pages = {183--233},
    volume = {37}
}

@misc{Hypothgen.pdf,
    title = {{hypothgen.pdf}}
}

@article{Doll2015Model-basedActivity.,
    title = {{Model-based choices involve prospective neural activity.}},
    year = {2015},
    journal = {Nature neuroscience},
    author = {Doll, Bradley B and Duncan, Katherine D and Simon, Dylan A and Shohamy, Daphna and Daw, Nathaniel D},
    number = {5},
    pages = {767--772},
    volume = {18}
}

@book{klein1999,
  title={Sources of Power: How People Make Decisions},
  author={Klein, Gary},
  year={1999},
  publisher={MIT press}
}

@article{Doll2015Model-basedActivity,
    title = {{Model-based choices involve prospective neural activity}},
    year = {2015},
    journal = {Nature Neuroscience},
    author = {Doll, Bradley B and Duncan, Katherine D and Simon, Dylan A and Shohamy, Daphna and Daw, Nathaniel D},
    number = {5},
    month = {3},
    pages = {767--772},
    volume = {18},
    publisher = {Nature Publishing Group}
}

@article{markant2015self,
  title={Self-Directed Learning Favors Local, Rather Than Global, Uncertainty},
  author={Markant, Douglas B and Settles, Burr and Gureckis, Todd M},
  journal={Cognitive science},
  year={2015},
  publisher={Wiley Online Library}
}

@article{schulz2016simple,
  title={Simple trees in complex forests: Growing Take The Best by Approximate {B}ayesian Computation},
  author={Schulz, Eric and Speekenbrink, Maarten and Meder, Bj{\"o}rn},
  journal={arXiv preprint arXiv:1605.01598},
  year={2016}
}


@article{nelson2005finding,
  title={Finding useful questions: {O}n {B}ayesian diagnosticity, probability, impact, and information gain.},
  author={Nelson, Jonathan D},
  journal={Psychological {R}eview},
  volume={112},
  number={4},
  pages={979},
  year={2005},
  publisher={American Psychological Association}
}


@inproceedings{tsividis2014information,
  title={Information selection in noisy environments with large action spaces},
  author={Tsividis, Pedro and Gershman, Samuel J and Tenenbaum, Joshua B and Schulz, Laura},
  booktitle={Proceedings of the 36th annual conference of the {C}ognitive {S}cience {S}ociety},
  year={2014}
}

@inproceedings{parpartactive,
  title={Active learning as a means to distinguish among prominent decision strategies},
  author={Parpart, Paula and Schulz, Eric and Speekenbrink, Maarten and Love, Bradley C},
  booktitle={Proceedings of the 37th annual meeting of the {C}ognitive {S}cience {S}ociety },
  pages={1829--1834},
  year={2015}
}

@article{Sutton1991DynaReacting,
    title = {{Dyna, an integrated architecture for learning, planning, and reacting}},
    year = {1991},
    journal = {ACM SIGART Bulletin},
    author = {Sutton, Richard S},
    pages = {160–163},
    volume = {2}
}

@book{stanford10,
  title={Exceeding our grasp: Science, history, and the problem of unconceived alternatives},
  author={Stanford, P Kyle},
  year={2010},
  publisher={Oxford University Press}
}

@article{wozny2010,
  title={Probability matching as a computational strategy used in perception},
  author={Wozny, David R and Beierholm, Ulrik R and Shams, Ladan},
  journal={PLoS Computational Biology},
  volume={6},
  pages={e1000871},
  year={2010},
  publisher={Public Library of Science}
}
@article{gennaioli2010comes,
  title={What comes to mind},
  author={Gennaioli, Nicola and Shleifer, Andrei},
  journal={The Quarterly journal of economics},
  volume={125},
  number={4},
  pages={1399--1433},
  year={2010},
  publisher={Oxford University Press}
}
@article{otto2013curse,
  title={The Curse of Planning: Dissecting Multiple Reinforcement-Learning Systems by Taxing the Central Executive},
  author={Otto, A Ross and Gershman, Samuel J and Markman, Arthur B and Daw, Nathaniel D},
  journal={Psychological Science},
  volume={24},
  number={5},
  pages={751--761},
  year={2013},
  publisher={Citeseer}
}
